@article{Larkin2022,
  title = {Characterization of Population III Stars with Stellar Atmosphere and Evolutionary Modeling and Predictions of their Observability with the JWST},
  volume = {165},
  doi = {10.3847/1538-3881/ac9b43},
  journal = {The Astronomical Journal},
  author = {Larkin,  Mikaela M. and Gerasimov,  Roman and Burgasser,  Adam J.},
  year = {2022},
  pages = {2}, 
  annotation = {
    Population III mass/radius relation
    https://iopscience.iop.org/article/10.3847/1538-3881/ac9b43
  }
}

@article{Boss2007, 
    title={Working Group on Extrasolar Planets}, 
    volume={1}, 
    doi={10.1017/S1743921306004509}, 
    ournal={Proceedings of the International Astronomical Union}, 
    author={Boss, Alan P. and Butler, R. Paul and Hubbard, William B. and Ianna, Philip A. and Kürster, Martin and Lissauer, Jack J. and Mayor, Michel and Meech, Karen J. and Mignard, Francois and Penny, Alan J. and et al.}, 
    year={2007}, 
    pages={183–186},
    annotation={
        Definition of brown dwarf
        https://www.cambridge.org/core/journals/proceedings-of-the-international-astronomical-union/article/working-group-on-extrasolar-planets/18A6EF62115572526BC9CF26B59CA806
    }   
}

@article{Baraffe1998,
doi = {10.48550/arXiv.astro-ph/9805009},
year = {1998},
volume = {337},
pages = {403-412},
author = {Baraffe, I. and CHabrier, G. and Allard, F. and Hauschildt, P. H.},
title = {Evolutionary models for solar metallicity low-mass stars: mass-magnitude relationships and color-magnitude diagrams },
journal = {Astronomy and Astrophysics},
annotation = {
        Hydrogen burning limit.
        https://ui.adsabs.harvard.edu/abs/1998A%26A...337..403B/abstract
    }
}

@article{Batygin2011,
doi = {10.1088/0004-637X/738/1/1},
year = {2011},
volume = {738},
pages = {1},
author = {Batygin, Konstantin and Stevenson, David J. and Bodenheimer, Peter H.},
title = {EVOLUTION OF OHMICALLY HEATED HOT JUPITERS},
journal = {The Astrophysical Journal},
annotation = {
        Inflated planets.
        https://iopscience.iop.org/article/10.1088/0004-637X/738/1/1
    }
}

@article{Libby-Roberts2020,
doi = {10.3847/1538-3881/ab5d36},
year = {2020},
volume = {159},
pages = {57},
author = {Libby-Roberts, Jessica E. and Berta-Thompson, Zachory K. and Désert, Jean-Michel and Masuda, Kento and Morley, Caroline V. and Lopez, Eric D. and Deck, Katherine M. and Fabrycky, Daniel and Fortney, Jonathan J. and Line, Michael R. and Sanchis-Ojeda, Roberto and Winn, Joshua N.},
title = {The Featureless Transmission Spectra of Two Super-puff Planets},
journal = {The Astronomical Journal},
annotation = {
        Super-puffs again, need distinction from inflated planets.
        https://iopscience.iop.org/article/10.3847/1538-3881/ab5d36
    }
}

@article{Lee2016,
doi = {10.3847/0004-637X/817/2/90},
year = {2016},
volume = {817},
pages = {90},
author = {Lee, Eve J. and Chiang, Eugene},
title = {BREEDING SUPER-EARTHS AND BIRTHING SUPER-PUFFS IN TRANSITIONAL DISKS},
journal = {The Astrophysical Journal},
annotation = {
        Super-puffs!
        https://iopscience.iop.org/article/10.3847/0004-637X/817/2/90/meta
    }
}

@article{Ravit2023,
	author = {Helled, Ravit},
	title = {The mass of gas giant planets: Is Saturn a failed gas giant?},
	doi= "10.1051/0004-6361/202346850",
	journal = {Astronomy and Astrophysics},
	year = 2023,
	volume = 675,
	pages = "L8",
    annotation = {
        Saturn at the boundary.
        https://www.aanda.org/articles/aa/full_html/2023/07/aa46850-23/aa46850-23.html
    }
}

@article{Lange2024,
  title = {The TESS-Keck Survey. VII. A Superdense Sub-Neptune Orbiting TOI-1824*},
  volume = {167},
  doi = {10.3847/1538-3881/ad34d9},
  journal = {The Astronomical Journal},
  author = {Lange,  Sarah and Murphy,  Joseph M. Akana and Batalha,  Natalie M. and Crossfield,  Ian J. M. and Dressing,  Courtney D. and Fulton,  Benjamin and Howard,  Andrew W. and Huber,  Daniel and Isaacson,  Howard and Kane,  Stephen R. and Petigura,  Erik A. and Robertson,  Paul and Weiss,  Lauren M. and Behmard,  Aida and Beard,  Corey and Blunt,  Sarah and Brinkman,  Casey L. and Chontos,  Ashley and Dai,  Fei and Dalba,  Paul A. and Fetherolf,  Tara and Giacalone,  Steven and Hill,  Michelle L. and Holcomb,  Rae and Lubin,  Jack and MacDougall,  Mason G. and Mayo,  Andrew W. and Močnik,  Teo and Pidhorodetska,  Daria and Polanski,  Alex S. and Rice,  Malena and Rosenthal,  Lee J. and Rubenzahl,  Ryan A. and Scarsdale,  Nicholas and Turtelboom,  Emma V. and Van Zandt,  Judah and Ciardi,  David R. and Boyle,  Andrew W.},
  year = {2024},
  pages = {282},
  annotation = {
    Overdense worlds, "formation is a mystery."
    https://iopscience.iop.org/article/10.3847/1538-3881/ad34d9
  }
}

@article{Naponiello2023,
  title = {A super-massive Neptune-sized planet},
  volume = {622},
  doi = {10.1038/s41586-023-06499-2},
  journal = {Nature},
  author = {Naponiello,  Luca and Mancini,  Luigi and Sozzetti,  Alessandro and Bonomo,  Aldo S. and Morbidelli,  Alessandro and Dou,  Jingyao and Zeng,  Li and Leinhardt,  Zoe M. and Biazzo,  Katia and Cubillos,  Patricio E. and Pinamonti,  Matteo and Locci,  Daniele and Maggio,  Antonio and Damasso,  Mario and Lanza,  Antonino F. and Lissauer,  Jack J. and Collins,  Karen A. and Carter,  Philip J. and Jensen,  Eric L. N. and Bignamini,  Andrea and Boschin,  Walter and Bouma,  Luke G. and Ciardi,  David R. and Cosentino,  Rosario and Crossfield,  Ian and Desidera,  Silvano and Dumusque,  Xavier and Fiorenzano,  Aldo F. M. and Fukui,  Akihiko and Giacobbe,  Paolo and Gnilka,  Crystal L. and Ghedina,  Adriano and Guilluy,  Gloria and Harutyunyan,  Avet and Howell,  Steve B. and Jenkins,  Jon M. and Lund,  Michael B. and Kielkopf,  John F. and Lester,  Katie V. and Malavolta,  Luca and Mann,  Andrew W. and Matson,  Rachel A. and Matthews,  Elisabeth C. and Nardiello,  Domenico and Narita,  Norio and Pace,  Emanuele and Pagano,  Isabella and Palle,  Enric and Pedani,  Marco and Seager,  Sara and Schlieder,  Joshua E. and Schwarz,  Richard P. and Shporer,  Avi and Twicken,  Joseph D. and Winn,  Joshua N. and Ziegler,  Carl and Zingales,  Tiziano},
  year = {2023},
  pages = {255–260},
  annotation = {
    Overdense World: the fun one that may be water?
    https://www.nature.com/articles/s41586-023-06499-2
  }
}

@article{Armstrong2020,
  title = {A remnant planetary core in the hot-Neptune desert},
  volume = {583},
  doi = {10.1038/s41586-020-2421-7},
  journal = {Nature},
  author = {Armstrong,  David J. and Lopez,  Théo A. and Adibekyan,  Vardan and Booth,  Richard A. and Bryant,  Edward M. and Collins,  Karen A. and Deleuil,  Magali and Emsenhuber,  Alexandre and Huang,  Chelsea X. and King,  George W. and Lillo-Box,  Jorge and Lissauer,  Jack J. and Matthews,  Elisabeth and Mousis,  Olivier and Nielsen,  Louise D. and Osborn,  Hugh and Otegi,  Jon and Santos,  Nuno C. and Sousa,  Sérgio G. and Stassun,  Keivan G. and Veras,  Dimitri and Ziegler,  Carl and Acton,  Jack S. and Almenara,  Jose M. and Anderson,  David R. and Barrado,  David and Barros,  Susana C. C. and Bayliss,  Daniel and Belardi,  Claudia and Bouchy,  Francois and Briceño,  César and Brogi,  Matteo and Brown,  David J. A. and Burleigh,  Matthew R. and Casewell,  Sarah L. and Chaushev,  Alexander and Ciardi,  David R. and Collins,  Kevin I. and Colón,  Knicole D. and Cooke,  Benjamin F. and Crossfield,  Ian J. M. and Díaz,  Rodrigo F. and Mena,  Elisa Delgado and Demangeon,  Olivier D. S. and Dorn,  Caroline and Dumusque,  Xavier and Eigm\"{u}ller,  Philipp and Fausnaugh,  Michael and Figueira,  Pedro and Gan,  Tianjun and Gandhi,  Siddharth and Gill,  Samuel and Gonzales,  Erica J. and Goad,  Michael R. and G\"{u}nther,  Maximilian N. and Helled,  Ravit and Hojjatpanah,  Saeed and Howell,  Steve B. and Jackman,  James and Jenkins,  James S. and Jenkins,  Jon M. and Jensen,  Eric L. N. and Kennedy,  Grant M. and Latham,  David W. and Law,  Nicholas and Lendl,  Monika and Lozovsky,  Michael and Mann,  Andrew W. and Moyano,  Maximiliano and McCormac,  James and Meru,  Farzana and Mordasini,  Christoph and Osborn,  Ares and Pollacco,  Don and Queloz,  Didier and Raynard,  Liam and Ricker,  George R. and Rowden,  Pamela and Santerne,  Alexandre and Schlieder,  Joshua E. and Seager,  Sara and Sha,  Lizhou and Tan,  Thiam-Guan and Tilbrook,  Rosanna H. and Ting,  Eric and Udry,  Stéphane and Vanderspek,  Roland and Watson,  Christopher A. and West,  Richard G. and Wilson,  Paul A. and Winn,  Joshua N. and Wheatley,  Peter and Villasenor,  Jesus Noel and Vines,  Jose I. and Zhan,  Zhuchang},
  year = {2020},
  pages = {39–42},
  annotation = {
    Overdense Neptune: exposed gas giant core suggestion.
    https://www.nature.com/articles/s41586-020-2421-7
  }
}

@article{Bierson2019,
title = {Using the density of Kuiper Belt Objects to constrain their composition and formation history},
journal = {Icarus},
volume = {326},
pages = {10-17},
year = {2019},
doi = {10.1016/j.icarus.2019.01.027},
author = {C.J. Bierson and F. Nimmo},
annotation = {
        Kuiper Belt Object density variations.
        https://www.sciencedirect.com/science/article/pii/S0019103518306456?via%3Dihub
    }
}

@article{Armstrong2019,
doi = {10.3847/2041-8213/ab2ba2},
year = {2019},
volume = {880},
pages = {L1},
author = {Armstrong, David J. and Meru, Farzana and Bayliss, Daniel and Kennedy, Grant M. and Veras, Dimitri},
title = {A Gap in the Mass Distribution for Warm Neptune and Terrestrial Planets},
journal = {The Astrophysical Journal Letters},
annotation = {
        Radius valley stuff again
        https://iopscience.iop.org/article/10.3847/2041-8213/ab2ba2
    }
}

@article{Eylen2018,
    author = {Van Eylen, V and Agentoft, Camilla and Lundkvist, M S and Kjeldsen, H and Owen, J E and Fulton, B J and Petigura, E and Snellen, I},
    title = {An asteroseismic view of the radius valley: stripped cores, not born rocky},
    journal = {Monthly Notices of the Royal Astronomical Society},
    volume = {479},
    pages = {4786-4795},
    year = {2018},
    doi = {10.1093/mnras/sty1783},
    annotation = {
        Radius valley stuff
        https://academic.oup.com/mnras/article/479/4/4786/5050069?login=true
    }
}

@article{Otegi2020,
	author = {{Otegi, J. F.} and {Bouchy, F.} and {Helled, R.}},
	title = {Revisited mass-radius relations for exoplanets below 120 M⊕},
	doi = "10.1051/0004-6361/201936482",
	journal = {Astronomy and Astrophysics},
	year = 2020,
	volume = 634,
	pages = "A43",
    annotation = {
        Distinction between volatiles and terrestrials?
        https://www.aanda.org/articles/aa/abs/2020/02/aa36482-19/aa36482-19.html        
    }
}

@article{Adams2008,
doi = {10.1086/524925},
year = {2008},
volume = {673},
pages = {1160},
author = {Adams, E. R. and Seager, S. and Elkins-Tanton, L.},
title = {Ocean Planet or Thick Atmosphere: On the Mass-Radius Relationship for Solid Exoplanets with Massive Atmospheres},
annotation = {
        Water worlds are degenerate.
        https://iopscience.iop.org/article/10.1086/524925/meta
    }
}


@article{Zeng2019,
author = {Li Zeng  and Stein B. Jacobsen  and Dimitar D. Sasselov  and Michail I. Petaev  and Andrew Vanderburg  and Mercedes Lopez-Morales  and Juan Perez-Mercader  and Thomas R. Mattsson  and Gongjie Li  and Matthew Z. Heising  and Aldo S. Bonomo  and Mario Damasso  and Travis A. Berger  and Hao Cao  and Amit Levi  and Robin D. Wordsworth },
title = {Growth model interpretation of planet size distribution},
journal = {Proceedings of the National Academy of Sciences},
volume = {116},
pages = {9723-9728},
year = {2019},
doi = {10.1073/pnas.1812905116},
annotation = {
        Mass-radius relation, lots of details, water worlds? Radius valley?
        https://www.pnas.org/doi/10.1073/pnas.1812905116
    }
}

@article{Spohn2001,
title = {The interior structure of Mercury: what we know, what we expect from BepiColombo},
journal = {Planetary and Space Science},
volume = {49},
pages = {1561-1570},
year = {2001},
doi = {10.1016/S0032-0633(01)00093-9},
author = {Tilman Spohn and Frank Sohl and Karin Wieczerkowski and Vera Conzelmann},
annotation = {
        Mercury density is absurd and indicates Iron
        https://www.sciencedirect.com/science/article/pii/S0032063301000939#BIB23
    }
}

@article{Agnor2006,
  title = {Neptune’s capture of its moon Triton in a binary–planet gravitational encounter},
  volume = {441},
  doi = {10.1038/nature04792},
  journal = {Nature},
  author = {Agnor,  Craig B. and Hamilton,  Douglas P.},
  year = {2006},
  pages = {192–194},
  annotation = {
    Triton is probably captured.
    https://www.nature.com/articles/nature04792
  }
}

@article{Hartmann2016,
  title = {Accretion onto Pre-Main-Sequence Stars},
  volume = {54},
  doi = {10.1146/annurev-astro-081915-023347},
  journal = {Annual Review of Astronomy and Astrophysics},
  author = {Hartmann,  Lee and Herczeg,  Gregory and Calvet,  Nuria},
  year = {2016},
  pages = {135–180},
  annotation = {
    Pre-main-sequence stars contraction. (Assumed, it seems).
    https://www.doi2bib.org/bib/10.1146/annurev-astro-081915-023347
  }
}

@article{Muller2021,
    author = {Müller, Simon and Helled, Ravit},
    title = {Synthetic evolution tracks of giant planets},
    journal = {Monthly Notices of the Royal Astronomical Society},
    volume = {507},
    pages = {2094-2102},
    year = {2021},
    doi = {10.1093/mnras/stab2250},
    annotation = {
        Planets shrink as they cool off.
        https://academic.oup.com/mnras/article/507/2/2094/6348110?login=true#:~:text=Given%20these%20parameters%2C%20planetsynth%20calculates,surface%20gravity%20evolve%20with%20time.
    }
}


@article{Kurokawa2014,
    doi = {10.1088/0004-637X/783/1/54},
    year = {2014},
    volume = {783},
    pages = {54},
    author = {Kurokawa, H. and Nakamoto, T.},
    title = {MASS-LOSS EVOLUTION OF CLOSE-IN EXOPLANETS: EVAPORATION OF HOT JUPITERS AND THE EFFECT ON POPULATION},
    journal = {The Astrophysical Journal},
    annotation = {
        Planet atmospheric loss
        https://iopscience.iop.org/article/10.1088/0004-637X/783/1/54
    }
}

@article{Schlaufman2018,
doi = {10.3847/1538-4357/aa961c},
year = {2018},
volume = {853},
pages = {37},
author = {Schlaufman, Kevin C.},
title = {Evidence of an Upper Bound on the Masses of Planets and Its Implications for Giant Planet Formation},
journal = {The Astrophysical Journal},
annotation = {
        Max planet size and overlap between regimes.
        https://iopscience.iop.org/article/10.3847/1538-4357/aa961c
    }
}


@misc{Scott2020,
  title = {Iron Meteorites: Composition,  Age,  and Origin},
  doi = {10.1093/acrefore/9780190647926.013.206},
  journal = {Oxford Research Encyclopedia of Planetary Science},
  author = {Scott,  Edward R. D.},
  year = {2020},
  annotation = {
    Iron meteorites: stuff about them and their formation.
    https://oxfordre.com/planetaryscience/display/10.1093/acrefore/9780190647926.001.0001/acrefore-9780190647926-e-206#acrefore-9780190647926-e-206-div1-10
  }
}

@article{Maio2010,
  title = {The transition from population III to population II-I star formation: Early structures and critical metallicity},
  volume = {407},
  doi = {10.1111/j.1365-2966.2010.17003.x},
  journal = {Monthly Notices of the Royal Astronomical Society},
  author = {Maio,  Umberto and Ciardi,  Benedetta and Dolag,  Klaus and Tornatore,  Luca and Khochfar,  Sadegh},
  year = {2010},
  pages = {1003–1015},
  annotation = {
    Population III stars and basic star formation.
    https://academic.oup.com/mnras/article/407/2/1003/1119897
  }
}

@article{Venturini2016,
	author = {{Venturini, Julia} and {Alibert, Yann} and {Benz, Willy}},
	title = {Planet formation with envelope enrichment: new insights  on planetary diversity},
	doi = "10.1051/0004-6361/201628828",
	journal = {Astronomy and Astrophysics},
	year = {2016},
	volume = {596},
	pages = {A90},
    annotation = {
        Modern examination of runaway gas accretion.
        https://www.aanda.org/articles/aa/full_html/2016/12/aa28828-16/aa28828-16.html
    }
}

@article{Bodenheimer1986,
title = {Calculations of the accretion and evolution of giant planets: The effects of solid cores},
journal = {Icarus},
volume = {67},
pages = {391-408},
year = {1986},
doi = {10.1016/0019-1035(86)90122-3},
author = {Peter Bodenheimer and James B. Pollack},
annotation = {
        Old overview of gas giant formation.
        https://www.sciencedirect.com/science/article/abs/pii/0019103586901223
    } 
}

@article{Metzger2022,
    author = {Philip T. Metzger and W.M. Grundy and Mark V. Sykes and Alan Stern and James F. Bell and Charlene E. Detelich and Kirby Runyon and Michael Summers},
    title = {Moons are planets: Scientific usefulness versus cultural teleology in the taxonomy of planetary science},
    journal = {Icarus},
    volume = {374},
    pages = {114768},
    year = {2022},
    doi = {10.1016/j.icarus.2021.114768},
    }

@article{Soter2006,
  title = {What Is a Planet?},
  volume = {132},
  doi = {10.1086/508861},
  journal = {The Astronomical Journal},
  author = {Soter,  Steven},
  year = {2006},
  pages = {2513–2519},
  annotation = {
    What is a Planet argument
    https://iopscience.iop.org/article/10.1086/508861/pdf
  }
}

@proceedings{Lineweaver2010,
    author = {Charles H. Lineweaver and Marc Norman},
    title = {The Potato Radius: A Lower Minimum Size for Dwarf Planets},
    series = {Australian Space Science Conference Series},
    volume = {9},
    pages = {11},
    year = {2010},
    doi = {10.48550/arXiv.1004.1091},
    address = {Sydney, Australia},
    annotation = {Additional requested MOON source.
    https://pgda.gsfc.nasa.gov/products/50
    }
}

@article{Stern2002,
  author = {Stern,  S. Alan and Levison,  Harold F.},
  title = {Regarding the Criteria for Planethood and Proposed Planetary Classification Schemes},
  journal = {Highlights of Astronomy},
  volume = {12},
  pages = {205–213},
  year = {2002}, 
  doi = {10.1017/s1539299600013289},
  annotation = {
    Massive enough objects become round.
https://www.cambridge.org/core/journals/highlights-of-astronomy/article/regarding-the-criteria-for-planethood-and-proposed-planetary-classification-schemes/74EDC68601BE8BAA0C5D6EE89C869B4F
  }
}

@article{Blum2008,
  author = {Blum,  J\"{u}rgen and Wurm,  Gerhard},
  title = {The Growth Mechanisms of Macroscopic Bodies in Protoplanetary Disks},
  journal = {Annual Review of Astronomy and Astrophysics},
  volume = {46},
  pages = {21–56},
  year = {2008},
  doi = {10.1146/annurev.astro.46.060407.145152},
  annotation = {
  Accretion of planets and planetesimals.
https://www.annualreviews.org/docserver/fulltext/aa/46/1/annurev.astro.46.060407.145152.pdf?expires=1745281751&id=id&accname=ar-252430&checksum=9E2F6863F89ECF7E63511259C260B50C  
  }
}

@article{Gillies1997,
  author = {Gillies,  George T},
  title = {The Newtonian gravitational constant: recent measurements and related studies},
  journal = {Reports on Progress in Physics},
  volume = {60},
  pages = {151–225},
  year = {1997},
  doi = {10.1088/0034-4885/60/2/001},
  annotation = {
  Notes on G and why we care
  https://iopscience.iop.org/article/10.1088/0034-4885/60/2/001
  }
}

@article{Folkner2008,
  author = {W. M. Folkner and James G. Williams and Dale Boggs},
  title = {The Planetary and Lunar Ephemeris DE 421},
  journal = {Interplanetary Network Progress Report},
  volume = {42-178},
  pages = {1-},
  year = {2009},
  doi = {},
  annotation = {
  Earth Mass
  https://www.researchgate.net/publication/258358428_The_Planetary_and_Lunar_Ephemeris_DE_421
  }
}

@article{Visser2014,
  author = {Visser, Matt},
  title = {Physical observability of horizons},
  journal = {Phys. Rev. D},
  volume = {90},
  pages = {127502},
  year = {2014},
  doi = {10.1103/PhysRevD.90.127502},
  annotation = {
  Black hole horizon observability
  https://link.aps.org/doi/10.1103/PhysRevD.90.127502
  }
}

@article{Mann2022,
  author = {Mann, Robert B. and Murk, Sebastian and Terno, Daniel R.},
  title = {Black holes and their horizons in semiclassical and modified theories of gravity},
  journal = {International Journal of Modern Physics D},
  volume = {31},
  pages = {2230015},
  year = {2022},
  doi = {10.1142/S0218271822300154},
  annotation = {
    Black hole uncertainties, confusions, math vs reality.
    https://www.worldscientific.com/doi/10.1142/S0218271822300154
  }
}

@proceedings{Goossens2016,
    author = {S. Goossens and F. G. Lemoine and T. J. Sabaka and J. B. Nicholas and E. Mazarico and D. D. Rowlands and B. D. Loomis and D. S. Chinn and G. A. Neumann and D. E. Smith and M. T. Zuber},
    title = {A Global Degree and Order  1200 Model of the Lunar Gravity Field Using GRAIL Mission Data},
    series = {Lunar and Planetary Science Conference},
    volume = {47},
    pages = {1484},
    year = {2016},
    doi = {},
    address = {Houston, Texas},
    annotation = {Additional requested MOON source.
    https://pgda.gsfc.nasa.gov/products/50
    }
}

@article{Lemoine2014,
  author = {Lemoine,  Frank G. and Goossens,  Sander and Sabaka,  Terence J. and Nicholas,  Joseph B. and Mazarico,  Erwan and Rowlands,  David D. and Loomis,  Bryant D. and Chinn,  Douglas S. and Neumann,  Gregory A. and Smith,  David E. and Zuber,  Maria T.},
  title = {GRGM900C: A degree 900 lunar gravity model from GRAIL primary and extended mission data},
  journal = {Geophysical Research Letters},
  volume = {41},
  pages = {3382–3389},
  year = {2014},
  doi = {10.1002/2014gl060027},
  annotation = {
    THE MOON 
    https://pgda.gsfc.nasa.gov/products/50
  }
}

@article{Anderson2005,
  author = {Anderson,  John D. and Johnson,  Torrence V. and Schubert,  Gerald and Asmar,  Sami and Jacobson,  Robert A. and Johnston,  Douglas and Lau,  Eunice L. and Lewis,  George and Moore,  William B. and Taylor,  Anthony and Thomas,  Peter C. and Weinwurm,  Gudrun},
  title = {Amalthea’s Density Is Less Than That of Water},
  journal = {Science},
  volume = {308},
  pages = {1291–1293},
  year = {2005},
  doi = {10.1126/science.1110422},
  annotation = {
    Amalthea
    https://www.science.org/doi/10.1126/science.1110422
  }
}

@book{Bagenal2007,
    author = {F. Bagenal and T. Dowling and  W. McKinnon},
    title = {Jupiter: The Planet, Satellites  and Magnetosphere},
    publisher = {Cambridge University Press},
    year = {2007},
    address = {Cambridge, New York},
    annotation = {
        Physical book for Jupiter Data
  }
}

@misc{NIST_G,
  author = {Peter J. Mohr and Eite Tiesinga and David B. Newell and Barry N. Taylor},
  title = {Codata Internationally Recommended 2022 Values of the Fundamental Physical Constants},
  year = {2024},
  month = {2024-05-08 04:05:00},
  publisher = {Codata Internationally Recommended 2022 Values of the Fundamental Physical Constants},
  annotation = { Value for G.
  https://www.nist.gov/publications/codata-internationally-recommended-2022-values-fundamental-physical-constants
  https://tsapps.nist.gov/publication/get_pdf.cfm?pub_id=958002
  },
  language = {en},
}

@article{Bills2005,
    author = {
    Bruce G. Bills and Gregory A. Neumann and David E. Smith and Maria T. Zuber
    },
    title = {
    Improved estimate of tidal dissipation within Mars from MOLA observations of the shadow of Phobos
    },
    journal = {Journal of Geophysical Research},
    volume = {110},
    pages = {},
    year = {2005},
    doi = {10.1029/2004JE002376},
    annotation = {Surprise Mars GM
https://agupubs.onlinelibrary.wiley.com/doi/full/10.1029/2004JE002376
    }
}

@misc{NASAExoplanetArchive,
  doi = {10.26133/NEA12},
  url = {https://catcopy.ipac.caltech.edu/dois/doi.php?id=10.26133/NEA12},
  author = {{NASA Exoplanet Science Institute}},
  title = {Planetary Systems Table},
  publisher = {IPAC},
  year = {2020},
  annotation = { 
  NAXA Exoplanet Archive
  https://exoplanetarchive.ipac.caltech.edu/cgi-bin/TblView/nph-tblView?app=ExoTbls&config=PS
    This research has made use of the NASA Exoplanet Archive, which is operated by the California Institute of Technology, under contract with the National Aeronautics and Space Administration under the Exoplanet Exploration Program.
  }
}

@proceedings{Southworth2015,
    author = {J. Southworth},
    title = {DEBCat: A Catalog of Detached Eclipsing Binary Stars},
    series = {ASP Conference Series},
    volume = {496},
    pages = {164},
    year = {2015},
    doi = {10.48550/arXiv.1411.1219},
    address = {San Francisco, California},
    annotation = {DEBCat database, binary stars.
    https://www.astro.keele.ac.uk/jkt/debcat/
    }
}

@article{Stern2018,
	author = {
    S. Alan Stern and William M. Grundy and William B. McKinnon and Harold A. Weaver and Leslie A. Young
    },
    title = {
    The Pluto System After New Horizons
    },
    journal = {Annual Review of Astronomy and Astrophysics},
    volume = {56},
    pages = {357-392},
    year = {2018},
    doi = {10.1146/annurev-astro-081817-051935},
    annotation = {JPL datatable Source
https://ssd.jpl.nasa.gov/planets/phys_par.html
https://www.annualreviews.org/content/journals/10.1146/annurev-astro-081817-051935
    }
}

@article{Jacobson2014A,
	author = {
    R. A. Jacobson and V. Lainey
    },
    title = {
    Martian satellite orbits and ephemerides
    },
    journal = {Planetary and Space Science},
    volume = {102},
    pages = {35-44},
    year = {2014},
    doi = {10.1016/j.pss.2013.06.003},
    annotation = {JPL datatable Source
https://ssd.jpl.nasa.gov/planets/phys_par.html
https://www.sciencedirect.com/science/article/pii/S003206331300144X
    }
}

@article{Jacobson2022,
	author = {
    Robert A. Jacobson
    },
    title = {
    The Orbits of the Main Saturnian Satellites, the Saturnian System Gravity Field, and the Orientation of Saturn's Pole
    },
    journal = {The Astronomical Journal},
    volume = {164},
    pages = {199},
    year = {2022},
    doi = {10.3847/1538-3881/ac90c9},
    annotation = {JPL datatable Source
https://ssd.jpl.nasa.gov/planets/phys_par.html
https://iopscience.iop.org/article/10.3847/1538-3881/ac90c9
    }
}

@article{Konopliv1999,
	author = {
    A.S. Konopliv and W.B. Banerdt and W.L. Sjogren
    },
    title = {
    Venus Gravity: 180th Degree and Order Model
    },
    journal = {Icarus},
    volume = {139},
    pages = {3-18},
    year = {1999},
    doi = {10.1006/icar.1999.6086},
    annotation = {JPL datatable Source
https://ssd.jpl.nasa.gov/planets/phys_par.html
https://www.sciencedirect.com/science/article/pii/S0019103599960864
    }
}

@article{Anderson1987,
	author = {
    John D. Anderson and Giuseppe Colombo and Pasquale B. Esposito and Eunice L. Lau and Gayle B. Trager
    },
    title = {
    The mass, gravity field, and ephemeris of Mercury
    },
    journal = {Icarus},
    volume = {71},
    pages = {337-349},
    year = {1987},
    doi = {10.1016/0019-1035(87)90033-9},
    annotation = {JPL datatable Source
https://ssd.jpl.nasa.gov/planets/phys_par.html
https://www.sciencedirect.com/science/article/abs/pii/0019103587900339
    }
}

@article{Archinal2018,
	author = {
    B. A. Archinal and C. H. Acton and M. F. A'Hearn and A. Conrad and G. J. Consolmagno and T. Duxbury and D. Hestroffer and J. L. Hilton and R. L. Kirk and S. A. Kilioner and D. McCarthy and K. Meech and J. Oberst and J. Ping and P. K. Seidelmann and D. J. Tholen and P. C. Thomas and I. P. Williams
    },
    title = {
    Report of the IAU Working Group on Cartographic Coordinates and Rotational Elements: 2015
    },
    journal = {Celestial Mechanics and Dynamical Astronomy},
    volume = {130},
    pages = {A22},
    year = {2018},
    doi = {10.1007/s10569-017-9805-5},
    annotation = {JPL datatable Source
https://ssd.jpl.nasa.gov/planets/phys_par.html
https://link.springer.com/article/10.1007/s10569-017-9805-5
    }
}

@article{French2024,
	author = {
    Richard G. French and Matthew M. Hedman and Philip D. Nicholson and Pierre-Yves Longaretti and Colleen A. McGhee-French
    },
    title = {
    The Uranus system from occultation observations (1977–2006): Rings, pole direction, gravity field, and masses of Cressida, Cordelia, and Ophelia
    },
    journal = {Icarus},
    volume = {411},
    pages = {115957},
    year = {2024},
    doi = {10.1016/j.icarus.2024.115957},
    annotation = {Uranian Moons
https://www.sciencedirect.com/science/article/pii/S0019103524000150
    }
}

@article{GRAVITY2023,
	author = {
    {GRAVITY Collaboration} and {Abuter, R.} and {Aimar, N.} and {Amaro Seoane, P.} and {Amorim, A.} and {Bauböck, M.} and {Berger, J. P.} and {Bonnet, H.} and {Bourdarot, G.} and {Brandner, W.} and {Cardoso, V.} and {Clénet, Y.} and {Davies, R.} and {de Zeeuw, P. T.} and {Dexter, J.} and {Drescher, A.} and {Eckart, A.} and {Eisenhauer, F.} and {Feuchtgruber, H.} and {Finger, G.} and {Förster Schreiber, N. M.} and {Foschi, A.} and {Garcia, P.} and {Gao, F.} and {Gelles, Z.} and {Gendron, E.} and {Genzel, R.} and {Gillessen, S.} and {Hartl, M.} and {Haubois, X.} and {Haussmann, F.} and {Heißel, G.} and {Henning, T.} and {Hippler, S.} and {Horrobin, M.} and {Jochum, L.} and {Jocou, L.} and {Kaufer, A.} and {Kervella, P.} and {Lacour, S.} and {Lapeyrère, V.} and {Le Bouquin, J.-B.} and {Léna, P.} and {Lutz, D.} and {Mang, F.} and {More, N.} and {Ott, T.} and {Paumard, T.} and {Perraut, K.} and {Perrin, G.} and {Pfuhl, O.} and {Rabien, S.} and {Ribeiro, D. C.} and {Sadun Bordoni, M.} and {Scheithauer, S.} and {Shangguan, J.} and {Shimizu, T.} and {Stadler, J.} and {Straub, O.} and {Straubmeier, C.} and {Sturm, E.} and {Tacconi, L. J.} and {Vincent, F.} and {von Fellenberg, S.} and {Widmann, F.} and {Wielgus, M.} and {Wieprecht, E.} and {Wiezorrek, E.} and {Woillez, J.}
    },
    title = {
    Polarimetry and astrometry of NIR flares as event horizon scale, dynamical probes for the mass of Sgr A*⋆
    },
    journal = {Astronomy and Astrophysics},
    volume = {677},
    pages = {L10},
    year = {2023},
    doi = {10.1051/0004-6361/202347416},
    annotation = {Black Hole Sag A*
https://www.aanda.org/articles/aa/full_html/2023/09/aa47416-23/aa47416-23.html
    }
}

@article{EHTC2019,
    author = {
{The Event Horizon Telescope Collaboration} and Akiyama, Kazunori and Alberdi, Antxon and Alef, Walter and Asada, Keiichi and Azulay, Rebecca and Baczko, Anne-Kathrin and Ball, David and Baloković, Mislav and Barrett, John and Bintley, Dan and Blackburn, Lindy and Boland, Wilfred and Bouman, Katherine L. and Bower, Geoffrey C. and Bremer, Michael and Brinkerink, Christiaan D. and Brissenden, Roger and Britzen, Silke and Broderick, Avery E. and Broguiere, Dominique and Bronzwaer, Thomas and Byun, Do-Young and Carlstrom, John E. and Chael, Andrew and Chan, Chi-kwan and Chatterjee, Shami and Chatterjee, Koushik and Chen, Ming-Tang and Chen, Yongjun and Cho, Ilje and Christian, Pierre and Conway, John E. and Cordes, James M. and Crew, Geoffrey B. and Cui, Yuzhu and Davelaar, Jordy and De Laurentis, Mariafelicia and Deane, Roger and Dempsey, Jessica and Desvignes, Gregory and Dexter, Jason and Doeleman, Sheperd S. and Eatough, Ralph P. and Falcke, Heino and Fish, Vincent L. and Fomalont, Ed and Fraga-Encinas, Raquel and Friberg, Per and Fromm, Christian M. and Gómez, José L. and Galison, Peter and Gammie, Charles F. and García, Roberto and Gentaz, Olivier and Georgiev, Boris and Goddi, Ciriaco and Gold, Roman and Gu, Minfeng and Gurwell, Mark and Hada, Kazuhiro and Hecht, Michael H. and Hesper, Ronald and Ho, Luis C. and Ho, Paul and Honma, Mareki and Huang, Chih-Wei L. and Huang, Lei and Hughes, David H. and Ikeda, Shiro and Inoue, Makoto and Issaoun, Sara and James, David J. and Jannuzi, Buell T. and Janssen, Michael and Jeter, Britton and Jiang, Wu and Johnson, Michael D. and Jorstad, Svetlana and Jung, Taehyun and Karami, Mansour and Karuppusamy, Ramesh and Kawashima, Tomohisa and Keating, Garrett K. and Kettenis, Mark and Kim, Jae-Young and Kim, Junhan and Kim, Jongsoo and Kino, Motoki and Koay, Jun Yi and Koch, Patrick M. and Koyama, Shoko and Kramer, Michael and Kramer, Carsten and Krichbaum, Thomas P. and Kuo, Cheng-Yu and Lauer, Tod R. and Lee, Sang-Sung and Li, Yan-Rong and Li, Zhiyuan and Lindqvist, Michael and Liu, Kuo and Liuzzo, Elisabetta and Lo, Wen-Ping and Lobanov, Andrei P. and Loinard, Laurent and Lonsdale, Colin and Lu, Ru-Sen and MacDonald, Nicholas R. and Mao, Jirong and Markoff, Sera and Marrone, Daniel P. and Marscher, Alan P. and Martí-Vidal, Iván and Matsushita, Satoki and Matthews, Lynn D. and Medeiros, Lia and Menten, Karl M. and Mizuno, Yosuke and Mizuno, Izumi and Moran, James M. and Moriyama, Kotaro and Moscibrodzka, Monika and Müller, Cornelia and Nagai, Hiroshi and Nagar, Neil M. and Nakamura, Masanori and Narayan, Ramesh and Narayanan, Gopal and Natarajan, Iniyan and Neri, Roberto and Ni, Chunchong and Noutsos, Aristeidis and Okino, Hiroki and Olivares, Héctor and Oyama, Tomoaki and Özel, Feryal and Palumbo, Daniel C. M. and Patel, Nimesh and Pen, Ue-Li and Pesce, Dominic W. and Piétu, Vincent and Plambeck, Richard and PopStefanija, Aleksandar and Porth, Oliver and Prather, Ben and Preciado-López, Jorge A. and Psaltis, Dimitrios and Pu, Hung-Yi and Ramakrishnan, Venkatessh and Rao, Ramprasad and Rawlings, Mark G. and Raymond, Alexander W. and Rezzolla, Luciano and Ripperda, Bart and Roelofs, Freek and Rogers, Alan and Ros, Eduardo and Rose, Mel and Roshanineshat, Arash and Rottmann, Helge and Roy, Alan L. and Ruszczyk, Chet and Ryan, Benjamin R. and Rygl, Kazi L. J. and Sánchez, Salvador and Sánchez-Arguelles, David and Sasada, Mahito and Savolainen, Tuomas and Schloerb, F. Peter and Schuster, Karl-Friedrich and Shao, Lijing and Shen, Zhiqiang and Small, Des and Sohn, Bong Won and SooHoo, Jason and Tazaki, Fumie and Tiede, Paul and Tilanus, Remo P. J. and Titus, Michael and Toma, Kenji and Torne, Pablo and Trent, Tyler and Trippe, Sascha and Tsuda, Shuichiro and van Bemmel, Ilse and van Langevelde, Huib Jan and van Rossum, Daniel R. and Wagner, Jan and Wardle, John and Weintroub, Jonathan and Wex, Norbert and Wharton, Robert and Wielgus, Maciek and Wong, George N. and Wu, Qingwen and Young, André and Young, Ken and Younsi, Ziri and Yuan, Feng and Yuan, Ye-Fei and Zensus, J. Anton and Zhao, Guangyao and Zhao, Shan-Shan and Zhu, Ziyan and Farah, Joseph R. and Meyer-Zhao, Zheng and Michalik, Daniel and Nadolski, Andrew and Nishioka, Hiroaki and Pradel, Nicolas and Primiani, Rurik A. and Souccar, Kamal and Vertatschitsch, Laura and Yamaguchi, Paul
    },
    title = {
First M87 Event Horizon Telescope Results. VI. The Shadow and Mass of the Central Black Hole
    },
    journal = {The Astrophysical Journal Letters},
    volume = {875},
    pages = {L6},
    year = {2019},
    doi = {10.3847/2041-8213/ab1141},
    annotation = {Black Hole M87*
https://iopscience.iop.org/article/10.3847/2041-8213/ab1141
    }
}

@article{Watanabe2019,
    author = {
S. Watanabe  and M. Hirabayashi  and N. Hirata  and Na. Hirata  and R. Noguchi  and Y. Shimaki  and H. Ikeda  and E. Tatsumi  and M. Yoshikawa  and S. Kikuchi  and H. Yabuta  and T. Nakamura  and S. Tachibana  and Y. Ishihara  and T. Morota  and K. Kitazato  and N. Sakatani  and K. Matsumoto  and K. Wada  and H. Senshu  and C. Honda  and T. Michikami  and H. Takeuchi  and T. Kouyama  and R. Honda  and S. Kameda  and T. Fuse  and H. Miyamoto  and G. Komatsu  and S. Sugita  and T. Okada  and N. Namiki  and M. Arakawa  and M. Ishiguro  and M. Abe  and R. Gaskell  and E. Palmer  and O. S. Barnouin  and P. Michel  and A. S. French  and J. W. McMahon  and D. J. Scheeres  and P. A. Abell  and Y. Yamamoto  and S. Tanaka  and K. Shirai  and M. Matsuoka  and M. Yamada  and Y. Yokota  and H. Suzuki  and K. Yoshioka  and Y. Cho  and S. Tanaka  and N. Nishikawa  and T. Sugiyama  and H. Kikuchi  and R. Hemmi  and T. Yamaguchi  and N. Ogawa  and G. Ono  and Y. Mimasu  and K. Yoshikawa  and T. Takahashi  and Y. Takei  and A. Fujii  and C. Hirose  and T. Iwata  and M. Hayakawa  and S. Hosoda  and O. Mori  and H. Sawada  and T. Shimada  and S. Soldini  and H. Yano  and R. Tsukizaki  and M. Ozaki  and Y. Iijima  and K. Ogawa  and M. Fujimoto  and T.-M. Ho  and A. Moussi  and R. Jaumann  and J.-P. Bibring  and C. Krause  and F. Terui  and T. Saiki  and S. Nakazawa  and Y. Tsuda 
    },
    title = {
Hayabusa2 Arrives at the Carbonaceous Asteroid 162173 Ryugu—A Spinning Top–shaped Rubble Pile
    },
    journal = {Science},
    volume = {364},
    pages = {268-272},
    year = {2019},
    doi = {10.1126/science.aav8032},
    annotation = {Ryugu
https://www.science.org/doi/10.1126/science.aav8032
    }
}

@article{Torres2010,
    author = {
G. Torres and J. Andersen and A. Giménez
    },
    title = {
Accurate masses and radii of normal stars: modern results and applications
    },
    journal = {Astronomy and Astrophysics Review},
    volume = {18},
    pages = {67-126},
    year = {2010},
    doi = {10.1007/s00159-009-0025-1},
    annotation = {More Stars
https://link.springer.com/article/10.1007/s00159-009-0025-1#citeas
    }
}

@article{Thomas2000,
    author = {
P. C. Thomas
    },
    title = {
The Shape of Triton from Limb Profiles
    },
    journal = {Icarus},
    volume = {148},
    pages = {587-588},
    year = {2000},
    doi = {10.1006/icar.2000.6511},
    annotation = {Triton Again
https://www.sciencedirect.com/science/article/pii/S0019103500965114?via%3Dihub
    }
}

@article{Jacobson2009,
    author = {
R. A. Jacobson
    },
    title = {
THE ORBITS OF THE NEPTUNIAN SATELLITES AND THE ORIENTATION OF THE POLE OF NEPTUNE
    },
    journal = {The Astronomical Journal},
    volume = {137},
    pages = {4322},
    year = {2009},
    doi = {110.1088/0004-6256/137/5/4322},
    annotation = {Triton
https://iopscience.iop.org/article/10.1088/0004-6256/137/5/4322/meta
    }
}

@article{Widemann2009,
    author = {
T. Widemann and B. Sicardy and R. Dusser and C. Martinez and W. Beisker and E. Bredner and D. Dunham and P. Maley and E. Lellouch and J.-E. Arlot and J. Berthier and F. Colas and W.B. Hubbard and R. Hill and J. Lecacheux and J.-F. Lecampion and S. Pau and M. Rapaport and F. Roques and W. Thuillot and C.R. Hills and A.J. Elliott and R. Miles and T. Platt and C. Cremaschini and P. Dubreuil and C. Cavadore and C. Demeautis and P. Henriquet and O. Labrevoir and G. Rau and J.-F. Coliac and J. Piraux and Ch. Marlot and C. Marlot and F. Gorry and C. Sire and B. Bayle and E. Simian and A.M. Blommers and J. Fulgence and C. Leyrat and C. Sauzeaud and B. Stephanus and T. Rafaelli and C. Buil and R. Delmas and V. Desnoux and C. Jasinski and A. Klotz and D. Marchais and M. Rieugnié and G. Bouderand and J.-P. Cazard and C. Lambin and P.-O. Pujat and F. Schwartz and P. Burlot and P. Langlais and S. Rivaud and E. Brochard and Ph. Dupouy and M. Lavayssière and O. Chaptal and K. Daiffallah and C. Clarasso-Llauger and J. {Aloy Doménech} and M. Gabaldá-Sánchez and X. Otazu-Porter and D. Fernández and E. Masana and A. Ardanuy and R. Casas and J.A. Ros and F. Casarramona and C. Schnabel and A. Roca and C. Labordena and O. Canales-Moreno and V. Ferrer and L. Rivas and J.L. Ortiz and J. Fernández-Arozena and L.L. Martín-Rodríguez and A. Cidadão and P. Coelho and P. Figuereido and R. Gonçalves and C. Marciano and R. Nunes and P. Ré and C. Saraiva and F. Tonel and J. Clérigo and C. Oliveira and C. Reis and B.M. Ewen-Smith and S. Ward and D. Ford and J. Gonçalves and J. Porto and J. {Laurindo Sobrinho} and F. {Teodoro de Gois} and M. Joaquim and J. {Afonso da Silva Mendes} and E. {van Ballegoij} and R. Jones and H. Callender and W. Sutherland and S. Bumgarner and M. Imbert and B. Mitchell and J. Lockhart and W. Barrow and D. Cornwall and A. Arnal and G. Eleizalde and A. Valencia and V. Ladino and T. Lizardo and C. Guillén and G. Sánchez and A. Peña and S. Radaelli and J. Santiago and K. Vieira and H. Mendt and P. Rosenzweig and O. Naranjo and O. Contreras and F. Díaz and E. Guzmán and F. Moreno and L. {Omar Porras} and E. Recalde and M. Mascaró and C. Birnbaum and R. Cósias and E. López and E. Pallo and R. Percz and D. Pulupa and X. Simbaña and A. Yajamín and P. Rodas and H. Denzau and M. Kretlow and P. {Valdés Sada} and R. Hernández and A. Hernández and B. Wilson and E. Castro and J.M. Winkel
    },
    title = {
Titania's radius and an upper limit on its atmosphere from the September 8, 2001 stellar occultation
    },
    journal = {Icarus},
    volume = {199},
    pages = {458-476},
    year = {2009},
    doi = {10.1016/j.icarus.2008.09.011},
    annotation = {Titania
https://www.sciencedirect.com/science/article/pii/S0019103508003400?via%3Dihub
    }
}

@article{Jacobson2014,
    author = {
R. A. Jacobson
    },
    title = {
THE ORBITS OF THE URANIAN SATELLITES AND RINGS, THE GRAVITY FIELD OF THE URANIAN SYSTEM, AND THE ORIENTATION OF THE POLE OF URANUS
    },
    journal = {The Astrophysical Journal},
    volume = {148},
    pages = {76},
    year = {2014},
    doi = {10.1088/0004-6256/148/5/76},
    annotation = {Uranian Moons Again
https://iopscience.iop.org/article/10.1088/0004-6256/148/5/76
    }
}

@article{Thomas1988,
    author = {
P. C. Thomas
    },
    title = {
Radii, shapes, and topography of the satellites of Uranus from limb coordinates
    },
    journal = {Icarus},
    volume = {73},
    pages = {427-441},
    year = {1988},
    doi = {10.1016/0019-1035(88)90054-1},
    annotation = {Uranian Moons
https://www.sciencedirect.com/science/article/pii/0019103588900541
    }
}

@article{Jacobson2006,
    author = {
R. A. Jacobson and P. G. Antreasian and J. J. Bordi and K. E. Criddle and R. Ionasescu and J. B. Jones and R. A. Mackenzie and M. C. Meek and D. Parcher and F. J. Pelletier and W. M. Owen, Jr. and D. C. Roth and I. M. Roundhill and J. R. Stauch    },
    title = {
The Gravity Field of the Saturnian System from Satellite Observations and Spacecraft Tracking Data
    },
    journal = {The Astronomical Journal},
    volume = {132},
    pages = {2520},
    year = {2006},
    doi = {10.1086/508812},
    annotation = {Saturnian Moons Again Again Again Again
https://iopscience.iop.org/article/10.1086/508812
    }
}

@article{Cooper2015,
    author = {
N. J. Cooper and S. Renner and C. D. Murray and M. W. Evans
    },
    title = {
SATURNʼS INNER SATELLITES: ORBITS, MASSES, AND THE CHAOTIC MOTION OF ATLAS FROM NEW CASSINI IMAGING OBSERVATIONS
    },
    journal = {The Astronomical Journal},
    volume = {149},
    pages = {27},
    year = {2015},
    doi = {10.1088/0004-6256/149/1/27},
    annotation = {Saturnian Moons Again Again Again
https://iopscience.iop.org/article/10.1088/0004-6256/149/1/27/meta
    }
}

@article{Thomas2013,
    author = {
P.C. Thomas and J.A. Burns and M. Hedman and P. Helfenstein and S. Morrison and M.S. Tiscareno and J. Veverka
    },
    title = {
The inner small satellites of Saturn: A variety of worlds
    },
    journal = {Icarus},
    volume = {226},
    pages = {999-1019},
    year = {2013},
    doi = {10.1016/j.icarus.2013.07.022},
    annotation = {Saturnian Moons Again
https://www.sciencedirect.com/science/article/pii/S0019103513003230
    }
}

@article{Thomas2020,
    author = {
P. Thomas and P. Helfenstein
    },
    title = {
The small inner satellites of Saturn: Shapes, structures and some implications
    },
    journal = {Icarus},
    volume = {344},
    pages = {113355},
    year = {2020},
    doi = {10.1016/j.icarus.2019.06.016},
    annotation = {Saturnian Moons
https://www.sciencedirect.com/science/article/pii/S0019103519300934
    }
}

@article{Stassun2007,
    author = {
Keivan G. Stassun and Robert D. Mathieu and Jeff A. Valenti
    },
    title = {
A Surprising Reversal of Temperatures in the Brown Dwarf Eclipsing Binary 2MASS J05352184–0546085
    },
    journal = {The Astrophysical Journal},
    volume = {664},
    pages = {1154},
    year = {2007},
    doi = {10.1086/519231},
    annotation = {Brown dwarf binary
https://iopscience.iop.org/article/10.1086/519231
    }
}

@article{Souami2020,
    author = {
D. Souami and F. Braga-Ribas and B. Sicardy and B. Morgado and J. L. Ortiz and J. Desmars and J. I. B. Camargo and F. Vachier and J. Berthier and B. Carry and C. J. Anderson and R. Showers and K. Thomason and P. D. Maley and W. Thomas and M. W. Buie and R. Leiva and J. M. Keller and R. Vieira-Martins and M. Assafin and P. Santos-Sanz and N. Morales and R. Duffard and G. Benedetti-Rossi and A. R. Gomes-Júnior and R. Boufleur and C. L. Pereira and G. Margoti and H. Pavlov and T. George and D. Oesper and J. Bardecker and R. Dunford and M. Kehrli amd C. Spencer and J. M. Cota and M. Garcia and C. Lara and K. A. McCandless and E. Self and J. Lecacheux1, E. Frappa and D. Dunham and M. Emilio
    },
    title = {
A multi-chord stellar occultation by the large trans-Neptunian object (174567) Varda
    },
    journal = {Astronomy and Astrophysics},
    volume = {643},
    pages = {A125},
    year = {2020},
    doi = {10.1051/0004-6361/202038526},
    annotation = {Varda
https://www.aanda.org/articles/aa/full_html/2020/11/aa38526-20/aa38526-20.html
    }
}

@article{Holler2021,
    author = {
B. J. Holler and W. M. Grundy and M. W. Buie and K. S. Noll
    },
    title = {
The Eris/Dysnomia system I: The orbit of Dysnomia
    },
    journal = {Icarus},
    volume = {355},
    pages = {114130},
    year = {2021},
    doi = {10.1016/j.icarus.2020.114130},
    annotation = {Eris Again
https://www.sciencedirect.com/science/article/pii/S0019103520304723
    }
}

@article{Sicardy2011,
    author = {
B. Sicardy and J. L. Ortiz and M. Assafin and E. Jehin and A. Maury and E. Lellouch and R. Gil Hutton and F. Braga-Ribas and F. Colas and D. Hestroffer and J. Lecacheux and F. Roques and P. Santos-Sanz and T. Widemann and N. Morales and R. Duffard and A. Thirouin and A. J. Castro-Tirado and M. Jelínek and P. Kubánek and A. Sota and R. Sánchez-Ramírez and A. H. Andrei and J. I. B. Camargo and D. N. da Silva Neto and A. Ramos Gomes and R. Vieira Martins and M. Gillon and J. Manfroid and G. P. Tozzi and C. Harlingten and S. Saravia and R. Behrend and S. Mottola and E. García Melendo and V. Peris and J. Fabregat and J. M. Madiedo and L. Cuesta and M. T. Eibe and A. Ullán and F. Organero and S. Pastor and J. A. de los Reyes and S. Pedraz and A. Castro and I. de la Cueva and G. Muler and I. A. Steele and M. Cebrián and P. Montañés-Rodríguez and A. Oscoz and D. Weaver and C. Jacques and W. J. B. Corradi and F. P. Santos and W. Reis and A. Milone and M. Emilio and L. Gutiérrez and R. Vázquez & H. Hernández-Toledo 
    },
    title = {
A Pluto-like radius and a high albedo for the dwarf planet Eris from an occultation
    },
    journal = {Nature},
    volume = {478},
    pages = {493-496},
    year = {2011},
    doi = {10.1038/nature10550},
    annotation = {Eris
https://www.nature.com/articles/nature10550#citeas
    }
}

@article{Li2013,
    author = {
Jian-Yang Li and Lucille {Le Corre} and Stefan E. Schröder and Vishnu Reddy and Brett W. Denevi and Bonnie J. Buratti and Stefano Mottola and Martin Hoffmann and Pablo Gutierrez-Marques and Andreas Nathues and Christopher T. Russell and Carol A. Raymond
    },
    title = {
Global photometric properties of Asteroid (4) Vesta observed with Dawn Framing Camera
    },
    journal = {Icarus},
    volume = {226},
    pages = {1252-1274},
    year = {2013},
    doi = {10.1016/j.icarus.2013.08.011},
    annotation = {Vesta again
https://www.sciencedirect.com/science/article/pii/S0019103513003497
    }
}

@article{Russell2012,
    author = {
C. T. Russell  and C. A. Raymond and A. Coradini and H. Y. McSween and M. T. Zuber and A. Nathues and M. C. De Sanctis and R. Jaumann and A. S. Konopliv and F. Preusker and S. W. Asmar and R. S. Park and R. Gaskell and H. U. Keller and S. Mottola and T. Roatsch and J. E. C. Scully and D. E. Smith and P. Tricarico and M. J. Toplis and U. R. Christensen and W. C. Feldman and D. J. Lawrence and T. J. McCoy and T. H. Prettyman and R. C. Reedy and M. E. Sykes and and T. N. Titus
    },
    title = {
Dawn at Vesta: Testing the Protoplanetary Paradigm
    },
    journal = {Science},
    volume = {336},
    pages = {684-686},
    year = {2010},
    doi = {10.1126/science.1219381},
    annotation = {Vesta
https://www.science.org/doi/10.1126/science.1219381
    }
}

@article{Ortiz2017,
    author = {
J. L. Ortiz and P. Santos-Sanz and B. Sicardy and G. Benedetti-Rossi and D. Bérard and N. Morales and R. Duffard and F. Braga-Ribas and U. Hopp and C. Ries and V. Nascimbeni and F. Marzari and V. Granata and A. Pál and C. Kiss and T. Pribulla and R. Komžík and K. Hornoch and P. Pravec and P. Bacci and M. Maestripieri and L. Nerli and L. Mazzei and M. Bachini and F. Martinelli and G. Succi and F. Ciabattari and H. Mikuz and A. Carbognani and B. Gaehrken and S. Mottola and S. Hellmich and F. L. Rommel and E. Fernández-Valenzuela and A. Campo Bagatin and S. Cikota and A. Cikota and J. Lecacheux and R. Vieira-Martins and J. I. B. Camargo and M. Assafin and F. Colas and R. Behrend and J. Desmars and E. Meza and A. Alvarez-Candal and W. Beisker and A. R. Gomes-Junior and B. E. Morgado and F. Roques and F. Vachier and J. Berthier and T. G. Mueller and J. M. Madiedo and O. Unsalan and E. Sonbas and N. Karaman and O. Erece and D. T. Koseoglu and T. Ozisik and S. Kalkan and Y. Guney and M. S. Niaei and O. Satir and C. Yesilyaprak and C. Puskullu and A. Kabas and O. Demircan and J. Alikakos and V. Charmandaris and G. Leto and J. Ohlert and J. M. Christille and R. Szakáts and A. Takácsné Farkas and E. Varga-Verebélyi and G. Marton and A. Marciniak and P. Bartczak and T. Santana-Ros and M. Butkiewicz-Bąk and G. Dudziński and V. Alí-Lagoa and K. Gazeas and L. Tzouganatos and N. Paschalis and V. Tsamis and A. Sánchez-Lavega and S. Pérez-Hoyos and R. Hueso and J. C. Guirado and V. Peris & R. Iglesias-Marzoa 
     },
    title = {
The size, shape, density and ring of the dwarf planet Haumea from a stellar occultation
    },
    journal = {Nature},
    volume = {550},
    pages = {219-223},
    year = {2017},
    doi = {10.1038/nature24051},
    annotation = {Haumea Info!
https://www.nature.com/articles/nature24051
    }
}

@article{Ragozzine2009,
    author = {
D. Ragozzine and M. E. Brown
     },
    title = {
ORBITS AND MASSES OF THE SATELLITES OF THE DWARF PLANET HAUMEA (2003 EL61)
    },
    journal = {The Astrophysical Journal},
    volume = {137},
    pages = {4766},
    year = {2009},
    doi = {10.1088/0004-6256/137/6/4766},
    annotation = {Haumea Info?
https://iopscience.iop.org/article/10.1088/0004-6256/137/6/4766
    }
}

@article{Pineda2021,
    author = {
J. Sebastian Pineda and Allison Youngblood and Kevin France
     },
    title = {
The M-dwarf Ultraviolet Spectroscopic Sample. I. Determining Stellar Parameters for Field Stars
    },
    journal = {The Astrophysical Journal},
    volume = {918},
    pages = {40},
    year = {2021},
    doi = {10.3847/1538-4357/ac0aea},
    annotation = {More M-dwarf stars
https://iopscience.iop.org/article/10.3847/1538-4357/ac0aea
    }
}

@article{Patzold2016,
    author = {
M. Pätzold and T. Andert and M. Hahn and S. W. Asmar and J.-P. Barriot and M. K. Bird and B. Häusler and K. Peter and S. Tellmann and E. Grün and P. R. Weissman and H. Sierks and L. Jorda and R. Gaskell and F. Preusker & F. Scholten 
     },
    title = {
A homogeneous nucleus for comet 67P/Churyumov–Gerasimenko from its gravity field
    },
    journal = {Nature},
    volume = {530},
    pages = {63-65},
    year = {2016},
    doi = {10.1038/nature16535},
    annotation = {Comet C-G
https://www.nature.com/articles/nature16535#citeas
    }
}

@article{Parsons2017,
    author = {
S. G. Parsons and B. T. G¨ansicke and T. R. Marsh and R. P. Ashley and M. C. P. Bours and E. Breedt and M. R. Burleigh and C. M. Copperwheat and V. S. Dhillon and M. Green and L. K. Hardy and J. J. Hermes and P. Irawati and P. Kerry and S. P. Littlefair and M. J. McAllister and S. Rattanasoon and A. Rebassa-Mansergas and D. I. Sahman1and M. R. Schreiber
    },
    title = {
Testing the white dwarf mass-radius relationship with eclipsing binaries
    },
    journal = {Monthly Notices of the Royal Astronomical Society},
    volume = {470},
    pages = {4473-4492},
    year = {2017},
    doi = {10.1093/mnras/stx1522},
    annotation = {White Dwarfs
https://academic.oup.com/mnras/article/470/4/4473/3869626?login=true
    }
}

@article{Ortiz2012,
    author = {
J. L. Ortiz and B. Sicardy and F. Braga-Ribas and A. Alvarez-Candal and E. Lellouch and R. Duffard and N. Pinilla-Alonso and V. D. Ivanov and S. P. Littlefair and J. I. B. Camargo and M. Assafin and E. Unda-Sanzana and E. Jehin and N. Morales and G. Tancredi and R. Gil-Hutton and I. de la Cueva and J. P. Colque and D. N. Da Silva Neto and J. Manfroid and A. Thirouin and P. J. Gutiérrez and J. Lecacheux and M. Gillon and A. Maury and F. Colas and J. Licandro and T. Mueller and C. Jacques and D. Weaver and A. Milone and R. Salvo and S. Bruzzone and F. Organero and R. Behrend and S. Roland and R. Vieira-Martins and T. Widemann and F. Roques and P. Santos-Sanz and D. Hestroffer and V. S. Dhillon and T. R. Marsh and C. Harlingten and A. Campo Bagatin and M. L. Alonso and M. Ortiz and C. Colazo and H. J. F. Lima and A. S. Oliveira and L. O. Kerber and R. Smiljanic and E. Pimentel and B. Giacchini and P. Cacella and M. Emilio     },
    title = {
Albedo and atmospheric constraints of dwarf planet Makemake from a stellar occultation
    },
    journal = {Nature},
    volume = {491},
    pages = {566-569},
    year = {2012},
    doi = {10.1038/nature11597},
    annotation = {Makemake
https://www.nature.com/articles/nature11597
    }
}

@article{Borzovic2015,
    author = {
Marina Brozović and Mark R. Showalter and Robert A. Jacobson and Marc W. Buie 
    },
    title = {
The orbits and masses of satellites of Pluto
    },
    journal = {Icarus},
    volume = {246},
    pages = {317-329},
    year = {2015},
    doi = {10.1016/j.icarus.2014.03.015},
    annotation = {Pluto and Charon again
https://www.sciencedirect.com/science/article/pii/S0019103514001419
    }
}

@article{Nimmo2017,
    author = {
Francis Nimmo and Orkan Umurhan and Carey M. Lisse and Carver J. Bierson and Tod R. Lauer and Marc W. Buie and Henry B. Throop and Josh A. Kammer and James H. Roberts and William B. McKinnon and Amanda M. Zangari and Jeffrey M. Moore and S. Alan Stern and Leslie A. Young and Harold A. Weaver and Cathy B. Olkin and Kim Ennico
    },
    title = {
Mean radius and shape of Pluto and Charon from New Horizons images
    },
    journal = {Icarus},
    volume = {287},
    pages = {12-29},
    year = {2017},
    doi = {10.1016/j.icarus.2016.06.027},
    annotation = {Pluto and Charon
https://www.sciencedirect.com/science/article/pii/S0019103516303529?via%3Dihub
    }
}

@article{Nakano2022,
    author = {
Ryota Nakano and Masatoshi Hirabayashi and Harrison F. Agrusa and Fabio Ferrari and Alex J. Meyer and Patrick Michel and Sabina D. Raducan and Paul Sánchez and Yun Zhang
    },
    title = {
NASA's Double Asteroid Redirection Test (DART): Mutual Orbital Period Change Due to Reshaping in the Near-Earth Binary Asteroid System (65803) Didymos
    },
    journal = {The Planetary Science Journal},
    volume = {3},
    pages = {148},
    year = {2022},
    doi = {10.3847/PSJ/ac7566},
    annotation = {Bennu data
https://iopscience.iop.org/article/10.3847/PSJ/ac7566/meta
    }
}

@article{Morin2010,
    author = {
J. Morin and J.-F. Donati and P. Petit and X. Delfosse and T. Forveille and M. M. Jardine
    },
    title = {
Large-scale magnetic topologies of late M dwarfs
    },
    journal = {Monthly Notices of the Royal Astronomical Society},
    volume = {407},
    pages = {2269-2286},
    year = {2010},
    doi = {10.1111/j.1365-2966.2010.17101.x},
    annotation = {M dwarf stars
https://academic.oup.com/mnras/article/407/4/2269/999815?login=true
    }
}

@article{Limbach2024,
    author = {
Mary Anne Limbach and Johanna M. Vos and Andrew Vanderburg and Fei Dai
    },
    title = {
Occurrence Rates of Exosatellites Orbiting 3–30 MJup Hosts from 44 Spitzer Light Curves
    },
    journal = {The Astronomical Journal},
    volume = {168},
    pages = {54},
    year = {2024},
    doi = {10.3847/1538-3881/ad4ed5},
    annotation = {Brown dwarf table 
https://iopscience.iop.org/article/10.3847/1538-3881/ad4ed5
    }
}

@article{Lauretta2019,
    author = {
D. S. Lauretta and D. N. DellaGiustina and C. A. Bennett and D. R. Golish and K. J. Becker and S. S. Balram-Knutson and O. S. Barnouin and T. L. Becker and W. F. Bottke and W. V. Boynton and H. Campins and B. E. Clark and H. C. Connolly Jr and C. Y. Drouet d’Aubigny and J. P. Dworkin and J. P. Emery and H. L. Enos and V. E. Hamilton and C. W. Hergenrother and E. S. Howell and M. R. M. Izawa and H. H. Kaplan and M. C. Nolan and B. Rizk and The OSIRIS-REx Team
    },
    title = {
The unexpected surface of asteroid (101955) Bennu
    },
    journal = {Nature},
    volume = {568},
    pages = {55-60},
    year = {2019},
    doi = {10.1038/s41586-019-1033-6},
    annotation = {Bennu
https://www.nature.com/articles/s41586-019-1033-6#citeas
    }
}

@article{Kiss2019,
    author = {
Csaba Kiss and Gábor Marton and Alex H. Parker and Will M. Grundy and Anikó Farkas-Takács and John Stansberry and Andras Pál and Thomas Müller and Keith S. Noll and Megan E. Schwamb and Amy C. Barr and Leslie A. Young and József Vinkó
    },
    title = {
The mass and density of the dwarf planet (225088) 2007 OR10
    },
    journal = {Icarus},
    volume = {334},
    pages = {3-10},
    year = {2019},
    doi = {10.1016/j.icarus.2019.03.013},
    annotation = {Random dwarf planet tno thing
https://www.sciencedirect.com/science/article/pii/S0019103518304354?via%3Dihub    
    }
}

@article{Brozovic2020,
    author = {
Marina Brozović and Mark R. Showalter and Robert A. Jacobson and Robert S. French and Jack J. Lissauer and Imke {de Pater}
    },
    title = {
Orbits and resonances of the regular moons of Neptune
    },
    journal = {Icarus},
    volume = {338},
    pages = {113462},
    year = {2020},
    doi = {10.1016/j.icarus.2019.113462},
    annotation = {Neptune satellites again
https://www.sciencedirect.com/science/article/pii/S001910351930257X
    }
}

@article{Karkoschka2003,
    author = {
Erich Karkoschka
    },
    title = {
Sizes, shapes, and albedos of the inner satellites of Neptune
    },
    journal = {Icarus},
    volume = {162},
    pages = {400-407},
    year = {2024},
    doi = {10.1016/S0019-1035(03)00002-2},
    annotation = {Neptune satellites
https://www.sciencedirect.com/science/article/pii/S0019103503000022?via%3Dihub
    }
}

@article{Kanodia2024,
    author = {
Shubham Kanodia and Arvind F. Gupta and Caleb I. Cañas and Lia Marta Bernabò and Varghese Reji and Te Han and Madison Brady and Andreas Seifahrt and William D. Cochran and Nidia Morrell and Ritvik Basant and Jacob Bean and Chad F. Bender and Zoë L. de Beurs and Allyson Bieryla and Alexina Birkholz and Nina Brown and Franklin Chapman and David R. Ciardi and Catherine A. Clark and Ethan G. Cotter and Scott A. Diddams and Samuel Halverson and Suzanne Hawley and Leslie Hebb and Rae Holcomb and Steve B. Howell and Henry A. Kobulnicky and Adam F. Kowalski and Alexander Larsen and Jessica Libby-Roberts and Andrea S. J. Lin and Michael B. Lund and Rafael Luque and Andrew Monson and Joe P. Ninan and Brock A. Parker and Nishka Patel and Michael Rodruck and Gabrielle Ross and Arpita Roy and Christian Schwab and Guđmundur Stefánsson and Aubrie Thoms and Andrew Vanderburg
    },
    title = {
Searching for GEMS: Characterizing Six Giant Planets Around Cool Dwarfs
    },
    journal = {The Astronomical Journal},
    volume = {168},
    pages = {235},
    year = {2024},
    doi = {10.3847/1538-3881/ad7796},
    annotation = {some other refined exoplanets
https://iopscience.iop.org/article/10.3847/1538-3881/ad7796
    }
}

@article{Leleu2023,
    author = {
A. Leleu and J.-B. Delisle and S. Udry and R. Mardling and M. Turbet and J. A. Egger and Y. Alibert and G. Chatel and P. Eggenberger and M. Stalport
    },
    title = {
Removing biases on the density of sub-Neptunes characterised via transit timing variations: Update on the mass-radius relationship of 34 Kepler planets
    },
    journal = {Astronomy and Astrophysics},
    volume = {669},
    pages = {A117},
    year = {2023},
    doi = {10.1051/0004-6361/202244132 },
    annotation = {some refined exoplanets
https://www.aanda.org/articles/aa/full_html/2023/01/aa44132-22/aa44132-22.html
    }
}

@article{Xuan2024,
    author = {
Jerry W. Xuan and Chih-Chun Hsu and Luke Finnerty and Jason Wang and Jean-Baptiste Ruffio and Yapeng Zhang and Heather A. Knutson and Dimitri Mawet and Eric E. Mamajek and Julie Inglis and Nicole L. Wallack and Marta L. Bryan and Geoffrey A. Blake and Paul Mollière and Neda Hejazi and Ashley Baker and Randall Bartos and Benjamin Calvin and Sylvain Cetre and Jacques-Robert Delorme and Greg Doppmann and Daniel Echeverri and Michael P. Fitzgerald and Nemanja Jovanovic and Joshua Liberman and Ronald A. López and Evan Morris and Jacklyn Pezzato and Ben Sappey and Tobias Schofield and Andrew Skemer and J. Kent Wallace and Ji Wang and Shubh Agrawal and Katelyn Horstman
    },
    title = {
Are These Planets or Brown Dwarfs? Broadly Solar Compositions from High-resolution Atmospheric Retrievals of ∼10–30 MJup Companions
    },
    journal = {The Astrophysical Journal},
    volume = {970},
    pages = {71},
    year = {2024},
    doi = {10.3847/1538-4357/ad4796},
    annotation = {edge case brown dwarfs/exoplanets
https://iopscience.iop.org/article/10.3847/1538-4357/ad4796
    }
}

@article{Bond2017,
    author = {
Howard E. Bond and Gail H. Schaefer and Ronald L. Gilliland and Jay B. Holberg and Brian D. Mason and Irving W. Lindenblad and Miranda Seitz-McLeese and W. David Arnett and Pierre Demarque and Federico Spada and Patrick A. Young and Martin A. Barstow and Matthew R. Burleigh and Donald Gudehus    
    },
    title = {
The Sirius System and Its Astrophysical Puzzles: Hubble Space Telescope and Ground-based Astrometry
    },
    journal = {The Astrophysical Journal},
    volume = {840},
    pages = {70},
    year = {2017},
    doi = {10.3847/1538-4357/aa6af8},
    annotation = {values for Sirius.
https://iopscience.iop.org/article/10.3847/1538-4357/aa6af8
    }
}

@article{Boetticher2017,
    author = {
Alexander von Boetticher and Amaury H. M. J. Triaud and Didier Queloz and Sam Gill and Monika Lendl and Laetitia Delrez and David R. Anderson and Andrew Collier Cameron and Francesca Faedi and Michaël Gillon and Yilen Gómez Maqueo Chew and Leslie Hebb and Coel Hellier and Emmanuël Jehin and Pierre F. L. Maxted and David V. Martin and Francesco Pepe and Don Pollacco and Damien Ségransan and Barry Smalley and Stéphane Udry and Richard West
    },
    title = {
The EBLM project: III. A Saturn-size low-mass star at the hydrogen-burning limit    
    },
    journal = {Astronomy and Astrophysics},
    volume = {604},
    pages = {L6},
    year = {2017},
    doi = {10.1051/0004-6361/201731107 },
    annotation = {the smallest star at the hydrogen limit.
https://www.aanda.org/component/article?access=doi&doi=10.1051/0004-6361/201731107
    }
}

@article{Grieves2021,
    author = {
Nolan Grieves and François Bouchy and Monika Lendl and Theron Carmichael and Ismael Mireles and Avi Shporer and Kim K. McLeod and Karen A. Collins and Rafael Brahm and Keivan G. Stassun and Sam Gill and Luke G. Bouma and Tristan Guillot and Marion Cointepas and Leonardo A. Dos Santos and Sarah L. Casewell and Jon M. Jenkins and Thomas Henning and Louise D. Nielsen and Angelica Psaridi and Stéphane Udry and Damien Ségransan and Jason D. Eastman and George Zhou and Lyu Abe and Abelkrim Agabi and Gaspar Bakos and David Charbonneau and Kevin I. Collins and Knicole D. Colon and Nicolas Crouzet and Georgina Dransfield and Phil Evans and Robert F. Goeke and Rhodes Hart and Jonathan M. Irwin and Eric L. N. Jensen and Andrés Jordán and John F. Kielkopf and David W. Latham and Wenceslas Marie-Sainte and Djamel Mékarnia and Peter Nelson and Samuel N. Quinn and Don J. Radford and David R. Rodriguez and Pamela Rowden and François–Xavier Schmider and Richard P. Schwarz and Jeffrey C. Smith and Chris Stockdale and Olga Suarez and Thiam-Guan Tan and Amaury H. M. J. Triaud and William Waalkes and Geof Wingham37
    },
    title = {
Populating the brown dwarf and stellar boundary: Five stars with transiting companions near the hydrogen-burning mass limit
    },
    journal = {Astronomy and Astrophysics},
    volume = {652},
    pages = {A127},
    year = {2021},
    doi = {10.1051/0004-6361/202141145 },
    annotation = {brown dwarf values!
https://www.aanda.org/articles/aa/full_html/2021/08/aa41145-21/aa41145-21.html
    }
}

@article{Park2021,
    author = {
Ryan S. Park and William M. Folkner and James G. Williams and Dale H. Boggs
    },
    title = {
The JPL Planetary and Lunar Ephemerides DE440 and DE441
    },
    journal = {The Astrophysical Journal},
    volume = {161},
    pages = {105},
    year = {2021},
    doi = {10.3847/1538-3881/abd414},
    annotation = {value of GM Sun, need to compare with uncertainty in G.
https://iopscience.iop.org/article/10.3847/1538-3881/abd414
    }
}

@article{Emilio2012,
    author = {
M. Emilio1 and J. R. Kuhn and R. I. Bush and I. F. Scholl
    },
    title = {
MEASURING THE SOLAR RADIUS FROM SPACE DURING THE 2003 AND 2006 MERCURY TRANSITS
    },
    journal = {The Astrophysical Journal},
    volume = {750},
    pages = {135},
    year = {2012},
    doi = {10.1088/0004-637X/750/2/135},
    annotation = {solar radius measurements
https://iopscience.iop.org/article/10.1088/0004-637X/750/2/135
    }
}

@article{Vernazza2021,
    author = {
P. Vernazza and M. Ferrais and L. Jorda and J. Hanuš and B. Carry and M. Marsset and M. Brož and R. Fetick and M. Viikinkoski and F. Marchis and F. Vachier and A. Drouard and T. Fusco and M. Birlan and E. Podlewska-Gaca and N. Rambaux and M. Neveu and P. Bartczak and G. Dudziński and E. Jehin and P. Beck and J. Berthier and J. Castillo-Rogez and F. Cipriani and F. Colas and C. Dumas and J. Ďurech and J. Grice and M. Kaasalainen and A. Kryszczynska and P. Lamy and H. Le Coroller and A. Marciniak and T. Michalowski and P. Michel and T. Santana-Ros and P. Tanga and A. Vigan and O. Witasse and B. Yang and P. Antonini and M. Audejean and P. Aurard and R. Behrend and Z. Benkhaldoun and J. M. Bosch and A. Chapman and L. Dalmon and S. Fauvaud and Hiroko Hamanowa and Hiromi Hamanowa and J. His and A. Jones and D.-H. Kim and M.-J. Kim and J. Krajewski and O. Labrevoir and A. Leroy and F. Livet and D. Molina and R. Montaigut and J. Oey and N. Payre and V. Reddy and P. Sabin and A. G. Sanchez and L. Socha
    },
    title = {
VLT/SPHERE imaging survey of the largest main-belt asteroids: Final results and synthesis
    },
    journal = {Astronomy and Astrophysics},
    volume = {654},
    pages = {A56},
    year = {2021},
    doi = {10.1051/0004-6361/202141781 },
    annotation = {main belt asteroids
https://www.aanda.org/articles/aa/abs/2021/10/aa41781-21/aa41781-21.html
    }
}

@article{Brown2017,
    author = {
Michael E. Brown and Bryan J. Butler
    },
    title = {
The Density of Mid-sized Kuiper Belt Objects from ALMA Thermal Observations
    },
    journal = {The Astrophysical Journal},
    volume = {154},
    pages = {19},
    year = {2017},
    doi = {10.3847/1538-3881/aa6346},
    annotation = {Values for some TNOs
https://iopscience.iop.org/article/10.3847/1538-3881/aa6346/meta
    }
}

@article{Ozel2016,
    author = {Feryal Özel and Dimitrious Psaltis and Tolga Güver and Gordo Baym and Craig Heinke and Sebastien Guillot},
    title = {THE DENSE MATTER EQUATION OF STATE FROM NEUTRON STAR RADIUS AND MASS MEASUREMENTS},
    journal = {The Astrophysical Journal},
    volume = {820},
    pages = {28},
    year = {2016},
    doi = {10.3847/0004-637X/820/1/28},
    annotation = {Neutron star radius prediction example
    https://iopscience.iop.org/article/10.3847/0004-637X/820/1/28/meta}
}

@article{Romani2022,
    author = {Roger W. Romani and D. Kandel and Alexi V. Filippenko and Thomas G. Brink and WeiKang Zheng},
    title = {PSR J0952−0607: The Fastest and Heaviest Known Galactic Neutron Star},
    journal = {The Astrophysical Journal Letters},
    volume = {934},
    pages = {L17},
    year = {2022},
    doi = {10.3847/2041-8213/ac8007},
    annotation = {Maximum nutron star mass
    https://iopscience.iop.org/article/10.3847/2041-8213/ac8007}
}

@article{Suwa2018,
    author = {Suwa, Yudai and Yoshida, Takashi and Shibata, Masaru and Umeda, Hideyuki and Takahashi, Koh},
    title = {On the minimum mass of neutron stars},
    journal = {Monthly Notices of the Royal Astronomical Society},
    volume = {481},
    pages = {3305-3312},
    year = {2018},
    doi = {10.1093/mnras/sty2460},
    annotation = {Minimum nutron star mass
    https://academic.oup.com/mnras/article-pdf/481/3/3305/25834769/sty2460.pdf},}
}

@article{Muller2024,
  author = {Simon Müller and Jana Baron and Ravit Helled and François Bouchy and Léna Parc},
  title        = {The Mass-Radius Relation of Exoplanets Revisited},
  journal = {Astronomy and Astrophysics},
  year         = 2024,
  volume = 868,
  pages = {A296},
  doi = {10.1051/0004-6361/202348690},
  annotation = {An example mass-radius relaiton paper, more modern
https://www.aanda.org/articles/aa/full_html/2024/06/aa48690-23/aa48690-23.html
  }
}

@article{Chen2016,
  author = {Jingjing Chen and David Kipping},
  title        = {Probabalistic Forecasting of the Masses and Radii of Other Worlds},
  journal = {The Astrophysical Journal},
  year         = 2016,
  volume = 834,
  pages = 17,
  doi = {10.3847/1538-4357/834/1/17},
  annotation = {Mass-radius relation includes dwarf planets and stars
https://iopscience.iop.org/article/10.3847/1538-4357/834/1/17/meta
  }
}

@article{Carry2012,
  author = {B. Carry},
  title        = {Density of Asteroids},
  journal = {Planetary and Space Science},
  year         = 2012,
  volume = 73,
  pages = {98-118},
  doi = {10.1016/j.pss.2012.03.009},
  annotation = {The great asteroids data set
https://www.sciencedirect.com/science/article/pii/S0032063312000773
  }
}

@article{TESTARTICLE,
  author       = {McGee, Nameless},
  title        = {Does the Abyss Stare Back?},
  journal = {Abyssal Investigations},
  year         = 1111,
  volume       = 11,
  pages        = {111},
  annotation = {Yes, it does stare back, right back at you.}
}

@book{TESTBOOK,
  author       = {Mordecai, Mortimer},
  title        = {MORT},
  date         = 2020,
  edition      = 1,
  publisher    = {Those Beyond the Veil},
  location     = {Beyond the Veil},
  pagetotal    = 666,
  langid       = {english},
  langidopts   = {variant=american},
  annotation   = {MORT MORT MORT MORT MORT MORT MORT MORT},
}

@article{TEMPLATEARTICLE,
  author       = {Author, Author},
  title        = {Title},
  journaltitle = {Journal Title},
  year         = 2000,
  volume       = 1,
  number       = 1,
  pages        = {111},
  langid       = {english},
  langidopts   = {variant=american},
  annotation = {Annotation},
  translator = {Translator},
  annotator = {Annotator},
  commentator = {Commentator},
  subtitle = {Subtitle},
  titleaddon = {Titleaddon},
  editor = {Editor},
  editora = {Editor A},
  editorb = {Editor B},
  editorc = {Editor C},
  journalsubtitle = {Journal Subtitle},
  journaltitleaddon = {Journal Title Addon},
  issuetitle = {Issue Title},
  issuesubtitle = {Issue Subtitle},
  language = {English},
  origlanguage = {English},
  series = {Series},
  eid = {E I D},
  month = {Month},
  version = {Version},
  note = {Note},
  issn = {ISSN},
  addendum = {Addendum},
  pubstate = {Pub State},
  doi = {D O I},
  eprint = {EPrint},
  eprintclass = {EPrint Class}, 
  eprinttype = {EPrint Type},
  url = {U R L},
  urldate = {U R L Date}
}