@article{articlea,
  author       = {McGee, Nameless},
  title        = {Does the Abyss Stare Back?},
  journaltitle = {Abyssal Investigations},
  year         = 1111,
  volume       = 11,
  number       = 1,
  pages        = {111},
  langid       = {english},
  langidopts   = {variant=american},
  annotation = {Yes, it does stare back, right back at you.}
}

@book{booka,
  author       = {Mordecai, Mortimer},
  title        = {MORT},
  date         = 2020,
  edition      = 1,
  publisher    = {Those Beyond the Veil},
  location     = {Beyond the Veil},
  pagetotal    = 666,
  langid       = {english},
  langidopts   = {variant=american},
  annotation   = {MORT MORT MORT MORT MORT MORT MORT MORT},
}