@article{Deau2009,
  author = {Estelle Déau and Luke Dones and Sébastien Rodriguez and Sébastien Charnoz and André Brahic},
  title = {The opposition effect in the outer Solar system: A comparative study of the phase function morphology},
  journal = {Planetary and Space Science},
  volume = {57},
  pages = {1282-1301},
  year = {2009},
  doi = {10.1016/j.pss.2009.05.005},
  annotation = {Opposition effect on numerous bodies.
  https://www.sciencedirect.com/science/article/pii/S0032063309001494
  }
}

@article{Kutsop2024,
  author = {N. Kutsop and A.G. Hayes and C. Sotin and J.I. Lunine and S.P.D. Birch and P.M. Corlies and K. Lawrence and S. {Le Mouélic} and J. Madden and M.J. Malaska and S. Rodriguez and J.M. Soderblom and A. Solomonidou},
  title = {The history and processes of Titan's equator from the geospatial-topology of spectrally distinct units},
  journal = {Icarus},
  volume = {417},
  pages = {116073},
  year = {2024},
  doi = {10.1016/j.icarus.2024.116073},
  annotation = {Nick's terrains paper. Does not mention lambertian assumption, but is subtracting atmosphere?
  https://www.sciencedirect.com/science/article/pii/S0019103524001337?via%3Dihub
  }
}

@article{Brossier2018,
  author = {
  Brossier,  J. F. and Rodriguez,  S. and Cornet,  T. and Lucas,  A. and Radebaugh,  J. and Maltagliati,  L. and Le Mouélic,  S. and Solomonidou,  A. and Coustenis,  A. and Hirtzig,  M. and Jaumann,  R. and Stephan,  K. and Sotin,  C.
  },
  title = {
  Geological Evolution of Titan’s Equatorial Regions: Possible Nature and Origin of the Dune Material
  },
  journal = {Journal of Geophysical Research: Planets},
  volume = {123},
  pages = {1089–1112},
  year = {2018},
  doi = {10.1029/2017je005399},
  annotation = {Lambertian Assuming Surface Reclaiming Example, various views
  https://agupubs.onlinelibrary.wiley.com/doi/10.1029/2017JE005399
  }
}

@article{Solomonidou2024,
  author = {
  A. Solomonidou and M.J. Malaska and R.M.C. Lopes and A. Coustenis and A.M. Schoenfeld and B. Schmitt and S.P.D. Birch and A. {Le Gall} and K. Lawrence and C. Matsoukas and S.D. Wall and C. Elachi
  },
  title = {
  Detailed chemical composition analysis of the Soi crater region on Titan
  },
  journal = {Icarus},
  volume = {421},
  pages = {116215},
  year = {2024},
  doi = {10.1016/j.icarus.2024.116215},
  annotation = {Soi Crater Surface Analysis AND a lambertian assuming surface reclaiming example
  https://www.sciencedirect.com/science/article/pii/S0019103524002756?via%3Dihub#bb0260
  }
}

@article{Soderblom2009,
  author = {
  Laurence A. Soderblom and Robert H. Brown and Jason M. Soderblom and Jason W. Barnes and Randolph L. Kirk and Christophe Sotin and Ralf Jaumann and David J. Mackinnon and Daniel W. Mackowski and Kevin H. Baines and Bonnie J. Buratti and Roger N. Clark and Philip D. Nicholson
  },
  title = {
  The geology of Hotei Regio, Titan: Correlation of Cassini VIMS and RADAR
  },
  journal = {Icarus},
  volume = {204},
  pages = {610-618},
  year = {2009},
  doi = {10.1016/j.icarus.2009.07.033},
  annotation = {Hotei Regio Surface Analysis AND a lambertian assuming surface reclaiming example
  https://www.sciencedirect.com/science/article/pii/S0019103509003200?via%3Dihub
  }
}

@article{Buratti2006,
  author = {
  B.J. Buratti and C. Sotin and R.H. Brown and M.D. Hicks and R.N. Clark and J.A. Mosher and T.B. McCord and R. Jaumann and K.H. Baines and P.D. Nicholson and T. Momary and D.P. Simonelli and B. Sicardy
  },
  title = {
  Titan: Preliminary results on surface properties and photometry from VIMS observations of the early flybys
  },
  journal = {Planetary and Space Science},
  volume = {54},
  pages = {1498-1509},
  year = {2006},
  doi = {10.1016/j.pss.2006.06.015},
  annotation = {Early Titan surface info reclamaition, NON-lambertian assumption.
  https://www.sciencedirect.com/science/article/pii/S0032063306001425
  }
}

@article{Kazeminejad2011,
  author = {
  Kazeminejad,  Bobby and Atkinson,  David H. and Lebreton,  Jean-Pierre
  },
  title = {
  Titan’s new pole: Implications for the Huygens entry and descent trajectory and landing coordinates
  },
  journal = {The Astrophysical Journal Letters},
  volume = {47},
  pages = {1622–1632},
  year = {2011},
  doi = {10.1016/j.asr.2011.01.019},
  annotation = {HLS Location
  https://www.sciencedirect.com/science/article/pii/S0273117711000664?via%3Dihub
  }
}

@article{Jennings2019,
  author = {
  Jennings, D. E. and Tokano, T. and Cottini, V. and Nixon, C. A. and Achterberg, R. K. and Flasar, F. M. and Kunde, V. G. and Romani, P. N. and Samuelson, R. E. and Segura, M. E. and Gorius, N. J. P. and Guandique, E. and Kaelberer, M. S. and Coustenis, A.
  },
  title = {
  Titan Surface Temperatures During the Cassini Mission
  },
  journal = {The Astrophysical Journal Letters},
  volume = {887},
  pages = {L8},
  year = {2019},
  doi = {10.3847/2041-8213/ab1f91},
  annotation = {A good source for Titan surface temperatures.
  https://iopscience.iop.org/article/10.3847/2041-8213/ab1f91/meta
  }
}

@article{Rodriguez2018,
  author = {
  S. Rodriguez and S. Le Mouelic and J. W. Barnes and J. F. Kok and S. C. R. Rafkin and R. D. Lorenz and B. Charnay and J Radebaugh and C. Narteau an T. Cornet and O. Bourgeois and A. Lucas and P. Rannou and C. A. Griffith and A. Coustenis and T. Appéré and M. Hirtzig and C. Sotin and J. M Soderblom and R. H. Brown and J. Bow and G. Vixie and L. Maltagliti and S. Courrech du Pont and R. Jaumann and K. Stephen and K. H. Baines and B. J. Buratti and R. N. Clark and P. D. Nicholson
  },
  title = {
  Observational Evidence for Active Dust Storms on Titan at Equinox
  },
  journal = {Nature Geoscience},
  volume = {11},
  pages = {727-732},
  year = {2018},
  doi = {10.1038/s41561-018-0233-2},
  annotation = {Atmospheric corrections, but in the supplemental material!
  https://www.nature.com/articles/s41561-018-0233-2
  }
}

@article{Hirtzig2013,
  author = {
  M. Hirtzig and B. Bézard and E. Lellouch and A. Coustenis and C. {de Bergh} and P. Drossart and A. Campargue and V. Boudon and V. Tyuterev and P. Rannou and T. Cours and S. Kassi and A. Nikitin and D. Mondelain and S. Rodriguez and S. {Le Mouélic}
  },
  title = {
  Titan's Surface and Atmosphere from Cassini/VIMS Data with Updated Methane Opacity
  },
  journal = {Icarus},
  volume = {226},
  pages = {470-486},
  year = {2013},
  doi = {10.1016/j.icarus.2013.05.033},
  annotation = {Atmospheric corrections
  https://www.sciencedirect.com/science/article/pii/S0019103513002339?casa_token=lNSMQWHGflYAAAAA:DFKkK8ESqWHKGQIiwO_ADH29ySvepYYxYoTp-xf6c0b4QG-LJsedZAWWrfwZOeZ0UfyNRA4LAmI
  }
}

@article{Tomasko2008,
  author = {
  M. G. Tomasko and L. Doose and S. Engel and L. E. Dafoe and R. West and M. Lemmon and E. Karkoschka and C. See
  },
  title = {
  A Model of Titan's Aerosols Based on Measurements Made Inisde the Atmosphere
  },
  journal = {Planetary and Space Science},
  volume = {56},
  pages = {669-707},
  year = {2008},
  doi = {10.1016/j.pss.2007.11.019},
  annotation = {Primary atmosphere model base
  https://www.sciencedirect.com/science/article/pii/S0032063307003522
  }
}

@article{Martonchik1994,
  author = {
  John V. Martonchik and Glen S. Orton
  },
  title = {
  Optical Constants of Liquid and Solid Methane
  },
  journal = {Applied Optics},
  volume = {33},
  pages = {8306--8317},
  year = {1994},
  doi = {10.1364/AO.33.008306},
  annotation = {Methane indices of refraction variation.
  https://opg.optica.org/ao/abstract.cfm?uri=ao-33-36-8306&origin=search
  https://ntrs.nasa.gov/api/citations/19960016949/downloads/19960016949.pdf
  }
}

@article{Barnes2005,
  author = {
  Jason W. Barnes  and Robert H. Brown  and Elizabeth P. Turtle  and Alfred S. McEwen  and Ralph D. Lorenz  and Michael Janssen  and Emily L. Schaller  and Michael E. Brown  and Bonnie J. Buratti  and Christophe Sotin  and Caitlin Griffith  and Roger Clark  and Jason Perry  and Stephanie Fussner  and John Barbara  and Richard West  and Charles Elachi  and Antonin H. Bouchez  and Henry G. Roe  and Kevin H. Baines  and Giancarlo Bellucci  and Jean-Pierre Bibring  and Fabrizio Capaccioni  and Priscilla Cerroni  and Michel Combes  and Angioletta Coradini  and Dale P. Cruikshank  and Pierre Drossart  and Vittorio Formisano  and Ralf Jaumann  and Yves Langevin  and Dennis L. Matson  and Thomas B. McCord  and Phillip D. Nicholson  and Bruno Sicardy 
  },
  title = {
  A 5-Micron-Bright Spot on Titan: Evidence for Surface Diversity
  },
  journal = {Science},
  volume = {310},
  pages = {92-95},
  year = {2005},
  doi = {10.1126/science.1117075},
  annotation = {Jason color. Need to cite it somewhere.
  https://www.science.org/doi/10.1126/science.1117075
  }
}

@article{Barnes2007,
  author = {
  Jason W. Barnes and Robert H. Brown and Laurence Soderblom and Bonnie J. Buratti and Christophe Sotin and Sebastien Rodriguez and Stephane {Le Mouèlic} and Kevin H. Baines and Roger Clark and Phil Nicholson
  },
  title = {
  Global-scale Surface Spectral Variations on Titan seen from Cassini/VIMS
  },
  journal = {Icarus},
  volume = {186},
  pages = {242-258},
  year = {2007},
  doi = {10.1016/j.icarus.2006.08.0219},
  annotation = {The eight windows. Or, seven, but this paper still
  reports two different ones for "the 2.8" window so it works.
  https://www.sciencedirect.com/science/article/pii/S001910350600306X
  }
}

@article{Kanjanasakul2020,
  author = {
  Chanisa Kanjanasakul and Frédéric Grisch and Sawitree Saengkaew and Gérard Gréhan
  },
  title = {
  Optical Characterization of Ethane Droplets in the Vicinity of Critical Pressure
  },
  journal = {Oil Gas Sci. Technol. – Rev. IFP Energies nouvelles },
  volume = {75},
  pages = {59},
  year = {2020},
  doi = {10.2516/ogst/2020039},
  annotation = {The liquid ethane index of refraction
  https://ogst.ifpenergiesnouvelles.fr/articles/ogst/full_html/2020/01/ogst190096/ogst190096.html
  }
}

@article{Barnes2013,
  author = {
  Barnes, Jason W. and Clark, Roger N. and Sotin, Christophe and Ádámkovics, Máté and Appéré, Thomas and Rodriguez, Sebastien and Soderblom, Jason M. and Brown, Robert H. and Buratti, Bonnie J. and Baines, Kevin H. and Le Mouélic, Stéphane and Nicholson, Philip D.
  },
  title = {
  A Transmission Spectrum of Titan's North Polar Atmosphere from a Specular Reflection of the Sun
  },
  journal = {The Astrophysical Journal},
  volume = {777},
  pages = {161},
  year = {2013},
  doi = {10.1088/0004-637X/777/2/161},
  annotation = {Demonstration of saturating specular reflections.
  https://iopscience.iop.org/article/10.1088/0004-637X/777/2/161/meta
  }
}

@article{Barnes2018,
  author = {
  Barnes, Jason W. and MacKenzie, Shannon M. and Young, Eliot F. and Trouille, Laura E. and Rodriguez, Sèbastien and Cornet, Thomas and Jackson, Brian K. and Ádámkovics, Máté and Sotin, Christophe and Soderblom, Jason M.
  },
  title = {
  Spherical Radiative Transfer in C++ (SRTC++): A Parallel Monte Carlo Radiative Transfer Model for Titan
  },
  journal = {The Astrophysical Journal},
  volume = {155},
  pages = {264},
  year = {2018},
  doi = {10.3847/1538-3881/aac2db},
  annotation = {Hey look it's SRTC++ !!!
  https://iopscience.iop.org/article/10.3847/1538-3881/aac2db
  }
}

@article{Griffith2012,
  author = {
  Caitlin A. Griffith and Lyn Doose and Martin G. Tomasko and Paulo F. Penteado and Charles See
  },
  title = {
  Radiative Transfer Analyses of Titan's Tropical Atmosphere
  },
  journal = {Icarus},
  volume = {218},
  pages = {975-988},
  year = {2012},
  doi = {10.1016/j.icarus.2011.11.034},
  annotation = {Griffith's method release paper
  https://www.sciencedirect.com/science/article/pii/S0019103511004611
  }
}

@article{Xu2013,
  author = {
  Feng Xu and Robert A. West and Anthony B. Davis
  },
  title = {
  A Hybrid Method for Modeling Polarized Radiative Transfer in a Spherical-shell Planetary Atmosphere
  },
  journal = {Journal of Quantitative Spectroscopy and Radiative Transfer},
  volume = {117},
  pages = {59-70},
  year = {2013},
  doi = {10.1016/j.jqsrt.2012.10.013},
  annotation = {The unusual spherical radiative transfer method via Markov Chains. Hmmmmmm. 
  https://www.sciencedirect.com/science/article/pii/S0022407312004554?casa_token=SQSTku_Z-jQAAAAA:EVXh34AjjDQo5QOhLXpvu8A4cgST3tLFxTkqB6JVxGrS-DYais2KsxCiNvs6LjbX5PcCO5f2Fms
  }
}

@article{Corlies2021,
  author = {
  Paul Corlies and George D. McDonald and Alexander G. Hayes and James J. Wray and Máté Ádámkovics and Michael J. Malaska and Morgan L. Cable and Jason D. Hofgartner and Sarah M. Hörst and Lucas R. Liuzzo and Jacob J. Buffo and Ralph D. Lorenz and Elizabeth P. Turtle
  },
  title = {
  Modeling Transmission Windows in Titan's Lower Troposphere: Implications for Infrared Spectrometers Aboard Future Aerial and Surface Missions
  },
  journal = {Icarus},
  volume = {357},
  pages = {114228},
  year = {2021},
  doi = {10.1016/j.icarus.2020.114228},
  annotation = {Most recent version of PyDISORT 
  https://www.sciencedirect.com/science/article/pii/S001910352030556X?casa_token=xx_hPOpRL7MAAAAA:GHr0sL8hdJC67GPSgC6anfiYcv370CFngBG5Cf8Hk9wQb9x0VfrvJlIC8s56f2Xqy_3JF6VzVT0
  }
}

@article{Rannou2021,
  author = {
  Rannou, P. and Coutelier, M. and Rivière, E. and Lebonnois, S. and Rey, M. and Maltagliati, L.
  },
  title = {
  Convection Behind the Humidification of Titan's Stratosphere
  },
  journal = {The Astrophysical Journal},
  volume = {922},
  pages = {239},
  year = {2021},
  doi = {10.3847/1538-4357/ac2904},
  annotation = {Most recent version of Rannou's model (that I know of)
  Rannou's model is very opaque, don't get to see the inner workings generally.
  https://iopscience.iop.org/article/10.3847/1538-4357/ac2904/pdf
  }
}

@article{EsSayeh2023,
  author = {
  Es-sayeh, M. and Rodriguez, S. and Coutelier, M. and Rannou, P. and Bézard, B. and Maltagliati, L. and Cornet, T. and Grieger, B. and Karkoschka, E. and Le Mouélic, S. and Le Gall, A. and Neish, C. and MacKenzie, S. and Solomonidou, A. and Sotin, C. and Coustenis, A.
  },
  title = {
  Updated Radiative Transfer Model for Titan in the Near-infrared Wavelength Range: Validation AGainst Huygens Atmospheric and Surface Measurements and Application to the Cassini/VIMS Observations of the Dragonfly Landing Area.
  },
  journal = {The Planetary Science Journal},
  volume = {4},
  pages = {44},
  year = {2023},
  doi = {10.3847/PSJ/acbd37},
  annotation = {Mael's Titan RT model, RT-IPGP-2022
  Also has a lot of supplemental information like absorption sources
  https://iopscience.iop.org/article/10.3847/PSJ/acbd37
  }
}

@article{Vixie2015,
  author = {
  Graham Vixie and Jason W. Barnes and Brian Jackson and Sébastien Rodriguez and Stéphane {Le Mouélic} and Christophe Sotin and Shannon MacKenzie and Paul Wilson},
  title = {
  Possible Temperate Lakes on Titan
  },
  journal = {Icarus},
  volume = {257},
  pages = {313-323},
  year = {2015},
  doi = {10.1016/j.icarus.2015.05.009},
  annotation = {The candidate lakes paper!
  Also helps discuss indirect specular reflections.
  https://www.sciencedirect.com/science/article/pii/S0019103515002110?casa_token=jZp9axY_T8EAAAAA:Em2OeCTIZQdYlVVSuF-iKH0cYN6m798l_iQLfo0BHMynq10kJYdA1pXqrOW6np-H1BF3XGZ44PA
  }
}

@article{Stephan2010,
  author = {
  Katrin Stephan and Ralf Jaumann and Robert H. Brown and Jason M. Soderblom and Laurence A. Soderblom and Jason W. Barnes and Christophe Sotin and Caitlin A. Griffith and Randolph L. Kirk and Kevin H. Baines and Bonnie J. Buratti and Roger N. Clark and Dyer M. Lytle and Robert M. Nelson and Phillip D. Nicholson
  },
  title = {
  Specular Reflection on Titan: Liquids in Kraken Mare
  },
  journal = {Geophysical Research Letters},
  volume = {37},
  pages = {},
  year = {2010},
  doi = {10.1029/2009GL042312},
  annotation = {The specular reflections paper, shows them off Kraken Mare.
  https://agupubs.onlinelibrary.wiley.com/doi/full/10.1029/2009GL042312
  }
}

@article{Li2023,
  author = {
  Liming Li and Larry Guan and Sherry Li and Cindy Luu and Kevin Heng and Patrick M. Fry and Ellen C. Creecy and Xinyue Wang and Ronald J. Albright and Thishan D. {Karandana G.} and Xun Jiang and Robert A. West and Conor A. Nixon and Matthew E. Kenyon and Amanda Hendrix and Ulyana Dyudina
  },
  title = {
  The Bolometric Bond Albedo of Enceladus
  },
  journal = {Icarus},
  volume = {394},
  pages = {115429},
  year = {2023},
  doi = {10.1016/j.icarus.2023.115429},
  annotation = {Enceladus bond albedo. Geometric albedo is here as well.
  https://www.sciencedirect.com/science/article/pii/S0019103523000064?casa_token=5nzvuag-2cAAAAAA:hCIG8PCeByi2Kn02mUh9koQFdEidE0Ow-K9rXtm5_dFdQ1Nx5sI1i-DUSEjNJa3B7mHfWNJTgzU
  }
}

@article{Mastrogiuseppe2016,
  author = {
  Marco Mastrogiuseppe and A. Hayes and V. Poggiali and R. Seu and Jonathan I. Lunine and J. D. Hofgartner
  },
  title = {
  Radar Sounding Using the Cassini Altimeter: Waveform Modeling and Monte Carlo Approach for Data Inversion of Observations of Titan's Seas
  },
  journal = {IEEE Transactions on Geoscience and Remote Sensing},
  volume = {54},
  pages = {5646-5656},
  year = {2016},
  doi = {10.1109/TGRS.2016.2563426},
  annotation = {Radar bathymetry analysis for Titan's lakes. Gives us lake composition.
  https://ieeexplore.ieee.org/abstract/document/7508873
  https://iris.uniroma1.it/retrieve/e3835316-51ec-15e8-e053-a505fe0a3de9/Mastrogiuseppe_Radar-sounding_2016.pdf
  }
}

@article{Hayes2016,
  author = {
  Alexander G. Hayes
  },
  title = {
  The Lakes and Seas of Titan
  },
  journal = {Annual Review of Earth and Planetary Sciences},
  volume = {44},
  pages = {57-83},
  year = {2016},
  doi = {10.1146/annurev-earth-060115-012247},
  annotation = {Review article about Titan lakes and seas. Should usually cite what this cites, if anything. 
  https://www.annualreviews.org/docserver/fulltext/earth/44/1/annurev-earth-060115-012247.pdf?expires=1716340084&id=id&accname=guest&checksum=001831241BEBEA9F58E639886C326106}
  }
}

@article{TESTARTICLE,
  author       = {McGee, Nameless},
  title        = {Does the Abyss Stare Back?},
  journaltitle = {Abyssal Investigations},
  year         = 1111,
  volume       = 11,
  number       = 1,
  pages        = {111},
  langid       = {english},
  langidopts   = {variant=american},
  annotation = {Yes, it does stare back, right back at you.}
}