@article{Vixie2015,
  author = {Graham Vixie and Jason W. Barnes and Brian Jackson and ...},
  title        = {Possible Temperate Lakes on Titan},
  journaltitle = {Icarus},
  year         = 2015,
  volume = 257,
  pages = {313-323},
  langid       = {english},
  doi = {10.1016/j.icarus.2015.05.009},
  annotation = {The candidate lakes paper!
  Also helps discuss indirect specular reflections.
https://www.sciencedirect.com/science/article/pii/S0019103515002110?casa_token=jZp9axY_T8EAAAAA:Em2OeCTIZQdYlVVSuF-iKH0cYN6m798l_iQLfo0BHMynq10kJYdA1pXqrOW6np-H1BF3XGZ44PA
  }
}

@article{Stephan2010,
  author = {Katrin Stephan and Ralf Jaumann and Robert H. Brown and ...},
  title        = {Specular Reflection on Titan: Liquids in Kraken Mare},
  journaltitle = {Geophysical Research Letters},
  year         = 2010,
  volume       = 37,
  number       = 7,
  langid       = {english},
  doi = {10.1029/2009GL042312},
  annotation = {The specular reflections paper, shows them off Kraken Mare.
https://agupubs.onlinelibrary.wiley.com/doi/full/10.1029/2009GL042312
  }
}

@article{Li2023,
  author = {Liming Li and Larry Guan and Sherry Li and Cindy Luu and Kevin Heng and Patrick M. Fry and Ellen C. Creecy and Xinyue Wang and Ronald J. Albright and Thishan D. {Karandana G.} and Xun Jiang and Robert A. West and Conor A. Nixon and Matthew E. Kenyon and Amanda Hendrix and Ulyana Dyudina},
  title        = {The Bolometric Bond Albedo of Enceladus},
  journaltitle = {Icarus},
  year         = 2023,
  volume       = 394,
  pages = {115429},
  langid       = {english},
  doi = {10.1016/j.icarus.2023.115429},
  annotation = {Enceladus albedo. Geometric albedo is here as well.
  https://www.sciencedirect.com/science/article/pii/S0019103523000064?casa_token=5nzvuag-2cAAAAAA:hCIG8PCeByi2Kn02mUh9koQFdEidE0Ow-K9rXtm5_dFdQ1Nx5sI1i-DUSEjNJa3B7mHfWNJTgzU
  }
}

@article{Mastrogiuseppe2016,
  author       = {Marco Mastrogiuseppe and A. Hayes and V. Poggiali and R. Seu and Jonathan I. Lunine and J. D. Hofgartner},
  title        = {Radar Sounding Using the Cassini Altimeter: Waveform Modeling and Monte Carlo Approach for Data Inversion of Observations of Titan's Seas},
  journaltitle = {IEEE Transactions on Geoscience and Remote Sensing},
  year         = 2016,
  volume       = 54,
  number       = 10,
  pages        = {5646-5656},
  langid       = {english},
  doi = {10.1109/TGRS.2016.2563426},
  annotation = {Radar bathymetry analysis for Titan's lakes. Gives us lake composition.
  https://iris.uniroma1.it/retrieve/e3835316-51ec-15e8-e053-a505fe0a3de9/Mastrogiuseppe_Radar-sounding_2016.pdf}
}

@article{Hayes2016,
  author       = {Hayes, Alexander G.},
  title        = {The Lakes and Seas of Titan},
  journaltitle = {Annual Review of Earth and Planetary Sciences},
  year         = 2016,
  volume       = 44,
  pages        = {57-83},
  langid       = {english},
  doi = {10.1146/annurev-earth-060115-012247},
  annotation = {Review article about Titan lakes and seas. Should usually 
  cite what this cites, if anything. 
  https://www.annualreviews.org/docserver/fulltext/earth/44/1/annurev-earth-060115-012247.pdf?expires=1716340084&id=id&accname=guest&checksum=001831241BEBEA9F58E639886C326106}
}

@article{TESTARTICLE,
  author       = {McGee, Nameless},
  title        = {Does the Abyss Stare Back?},
  journaltitle = {Abyssal Investigations},
  year         = 1111,
  volume       = 11,
  number       = 1,
  pages        = {111},
  langid       = {english},
  langidopts   = {variant=american},
  annotation = {Yes, it does stare back, right back at you.}
}

@book{TESTBOOK,
  author       = {Mordecai, Mortimer},
  title        = {MORT},
  date         = 2020,
  edition      = 1,
  publisher    = {Those Beyond the Veil},
  location     = {Beyond the Veil},
  pagetotal    = 666,
  langid       = {english},
  langidopts   = {variant=american},
  annotation   = {MORT MORT MORT MORT MORT MORT MORT MORT},
}

@article{TEMPLATEARTICLE,
  author       = {Author, Author},
  title        = {Title},
  journaltitle = {Journal Title},
  year         = 2000,
  volume       = 1,
  number       = 1,
  pages        = {111},
  langid       = {english},
  langidopts   = {variant=american},
  annotation = {Annotation},
  translator = {Translator},
  annotator = {Annotator},
  commentator = {Commentator},
  subtitle = {Subtitle},
  titleaddon = {Titleaddon},
  editor = {Editor},
  editora = {Editor A},
  editorb = {Editor B},
  editorc = {Editor C},
  journalsubtitle = {Journal Subtitle},
  journaltitleaddon = {Journal Title Addon},
  issuetitle = {Issue Title},
  issuesubtitle = {Issue Subtitle},
  language = {English},
  origlanguage = {English},
  series = {Series},
  eid = {E I D},
  month = {Month},
  version = {Version},
  note = {Note},
  issn = {ISSN},
  addendum = {Addendum},
  pubstate = {Pub State},
  doi = {D O I},
  eprint = {EPrint},
  eprintclass = {EPrint Class}, 
  eprinttype = {EPrint Type},
  url = {U R L},
  urldate = {U R L Date}
}